2845 3642
1390 190 1492 233 VIII

272 322 511 383 principium
537 335 610 362 nec
636 322 830 362 minorem
858 321 975 361 deum
1003 320 1144 363 Graeci
1170 321 1456 374 antiquissimis
1482 321 1726 374 temporibus
1753 320 1935 362 colebant
1961 319 2213 373 Vulcanum,-
2241 335 2378 375 quem,
2407 334 2534 376 quum
2555 321 2602 363 in

272 386 439 428 Achillis
466 388 578 427 scuto
605 386 757 426 coelum
785 388 934 426 terram
963 398 1098 426 omnes
1125 385 1297 438 denique
1322 400 1387 426 res
1412 386 1614 435 finxisset,
1652 385 1785 426 omnia
1810 385 1940 437 ipsum
1965 386 2167 438 putabant
2191 398 2357 427 measse.
2412 386 2601 429 German

273 465 428 504 quoque
455 451 547 503 Igni
574 463 762 502 magnam
788 451 917 493 incoee
944 451 1143 501 putabant
1169 451 1251 490 vim
1278 451 1471 503 gignendi
1497 454 1618 503 atque
1645 451 1861 500 efficiendi,
1896 453 1943 491 ut
1976 451 2045 490 alii
2071 449 2241 492 Lokimn
2267 451 2336 506 afii
2353 450 2555 492 Thorum
2562 452 2603 492 si

271 529 353 556 non
379 529 536 555 omnem
563 516 750 554 naturam
777 516 883 554 certe
910 528 1044 555 rerum
1070 514 1266 567 principia
1300 528 1528 567 procreasse
1566 518 1782 556 censerent.
1792 512 1841 568 ⁸⁸)
1896 514 2130 568 Ubicunque
2165 515 2328 569 ignibus
2363 516 2601 570 generandis

270 580 567 631 nutriendisque
594 579 668 619 soli
695 579 890 618 naturalis
922 580 1090 619 materia
1126 582 1234 628 erat,
1276 582 1316 619 et
1343 579 1548 619 Vulcanus
1575 583 1616 620 et
1643 580 1789 620 Lokius
1815 581 1946 620 sedem
1974 583 2092 631 atque
2119 579 2318 619 officinam
2347 581 2598 621 constituisse

269 645 489 685 videbatur.
545 643 631 684 Nec
658 644 824 688 solum
812 659 856 684 m
884 645 1001 685 terris
1028 659 1074 685 ac
1100 644 1322 693 montibus,
1359 659 1381 685 e
1407 658 1578 697 quorum
1603 645 1819 686 verticibus
1843 646 1958 698 ignes
1984 643 2264 697 erumpebant,
2303 645 2598 696 «laetabatur,

267 709 337 762 sed
372 709 495 750 etiam
531 709 575 750 in
611 709 808 762 profimdo
834 710 936 751 mari
954 709 1066 753 vires
1102 712 1223 762 atque
1257 710 1425 762 imperia
1461 710 1679 751 exercebat.
1721 709 1872 763 Atque
1905 713 1951 751 ut
1977 708 2178 751 Vulcanus
2208 710 2600 753 monstramus

267 774 425 814 finxisse
465 775 705 826 putabatur,
747 775 807 814 ita
841 774 989 814 Lokius
1025 775 1247 826 procreavit
1290 778 1447 826 praeter
1479 775 1635 826 lupum,
1679 776 1748 826 qui
1785 774 1988 815 dicebatur
2029 775 2208 823 Fenrir‚
2248 775 2462 827 ingentem-
2485 775 2599 816 illam

266 839 438 892 hydram
457 839 569 890 (Mid
577 853 659 893 gar
669 840 720 884 ds
728 840 958 893 chlange)‚
980 854 1079 892 quae
1098 854 1168 892 per
1186 841 1321 880 oceani
1340 840 1466 880 undas
1485 840 1694 892 provoluta
1711 840 1882 879 mediam
1904 842 2054 881 terram
2081 840 2192 893 quasi
2219 835 2600 892 amplectebatur-‚⁵5

459 915 518 955 Ut
554 917 653 956 alias
688 916 796 956 inter
822 915 993 956 Lokium
1019 919 1062 957 et
1087 916 1313 956 Vulcanum
1351 916 1626 956 similitudines
1662 915 1865 964 omittam,
1907 915 1949 957 id
1976 925 2102 956 unum
2130 915 2271 957 addere
2298 915 2448 967 placet,
2490 910 2598 967 quod

267 979 438 1020 Vulcani
475 994 565 1020 cum
597 979 839 1020 Scamandro
875 984 1073 1020 certamen
1108 981 1160 1020 ab
1188 980 1360 1020 Homero
1395 981 1594 1031 depictum
1602 978 1652 1031 ⁶⁰)
1688 981 1820 1032 imago
1861 980 2055 1031 quaedam
2096 993 2179 1020 esse
2220 980 2401 1020 videatur
2438 992 2599 1032 pugnae

266 1043 533 1084 atrocissimae
575 1044 921 1125 appropinquante
961 1046 1158 1085 terrarum
1204 1044 1325 1085 exitio
1369 1044 1475 1085 inter
1521 1044 1688 1085 Lokium
1733 1046 1774 1085 et
1818 1043 2104 1094 Heimdallum,
2150 1044 2292 1098 Ignem
2337 1046 2377 1085 et
2421 1041 2594 1096 Aquam,

268 1111 439 1148 exortae.
453 1107 487 1129 ⁸¹
487 1109 504 1160 )

459 1182 672 1234 Reliquum
710 1186 789 1230 est,
828 1186 874 1222 ut
908 1183 1060 1222 fabulas
1096 1196 1334 1234 proponam,
1373 1184 1516 1235 quibus
1542 1183 1697 1223 Thorus
1725 1182 1857 1232 Lokii‚
1891 1183 2080 1223 Hercules
2107 1182 2278 1224 Vulcani
2315 1184 2427 1236 quasi
2462 1186 2597 1235 partes

265 1247 479 1299 suscepisse
512 1250 713 1287 narratur.
770 1246 1080 1287 Fulminatorem
1123 1261 1146 1287 a
1178 1246 1433 1288 Scandinavis
1470 1248 1619 1289 dictum
1656 1262 1738 1289 esse
1771 1247 1957 1297 Lokium‚
1997 1261 2021 1287 a
2048 1246 2256 1288 Germanis
2282 1247 2489 1289 Donarum
2514 1247 2595 1288 iam

264 1325 383 1364 supra
410 1313 815 1352 commemoravimus.
872 1311 957 1353 Nec
984 1312 1147 1352 dubium
1176 1315 1251 1362 est,
1291 1313 1388 1365 quin
1415 1311 1639 1362 Vulcanus,
1680 1306 1789 1353 cuius
1816 1325 1962 1352 nomen
1990 1311 2259 1352 deducendum
2286 1326 2370 1352 esse
2397 1314 2543 1365 putant
2571 1326 2597 1352 a

263 1378 384 1418 verbo
412 1377 609 1431 fulgendi,
638 1380 685 1418 ut
712 1378 765 1418 sit
792 1375 1087 1431 fiilgurator‚⁶²)
1126 1378 1291 1418 eandem
1318 1378 1504 1418 habuerit
1531 1380 1727 1418 naturam.
1784 1376 1918 1429 Atque
1944 1375 2136 1417 Hercules
2170 1390 2251 1416 non
2278 1376 2395 1417 heros
2423 1376 2601 1420 Graecus.

262 1443 329 1482 sed
357 1443 454 1482 deus
481 1443 696 1492 Romanus,
727 1444 789 1482 cui
816 1457 962 1495 magna
989 1443 1110 1483 fuerit
1138 1444 1352 1483 similitudo
1380 1457 1469 1483 cum
1496 1442 1596 1483 Jove
1623 1442 1825 1496 fulgente,
1860 1442 1954 1495 quid
1990 1443 2135 1482 mirum
2172 1445 2254 1491 est,
2291 1442 2325 1482 si
2353 1445 2597 1497 exaequatur

261 1506 445 1547 Donato!
483 1508 667 1548 Tacitum
695 1511 840 1556 autem,
872 1522 994 1560 quum
1021 1508 1235 1549 Herculem
1263 1508 1461 1548 vocaverit
1488 1507 1705 1557 Donamm,
1734 1521 1815 1548 non
1843 1521 1944 1560 quae
1972 1507 2008 1547 ei
2035 1521 2124 1547 cum
2151 1505 2251 1548 Jove
2279 1506 2429 1547 fuerint
2456 1505 2595 1548 simili-

261 1572 420 1611 tudines
447 1575 652 1623 reputasse
680 1572 891 1612 verisimile
919 1574 999 1621 aet,
1035 1572 1103 1612 sed
1139 1573 1187 1612 de
1221 1573 1339 1612 rebus
1374 1573 1565 1625 cogitasse
1593 1575 1632 1612 et
1660 1573 1711 1612 ab
1738 1572 1910 1612 Hercule
1939 1575 1979 1612 et
2007 1586 2030 1612 a
2058 1571 2181 1612 Lokio
2210 1571 2290 1612 sive
2317 1571 2451 1612 Thoro
2478 1568 2596 1624 prae-

263 1636 368 1677 clare
396 1637 529 1689 gestis,

456 1711 552 1752 Non
578 1712 715 1765 magni
744 1712 903 1764 quidem
931 1712 1122 1752 momenti
1150 1726 1196 1752 ac
1222 1713 1407 1765 ponderis
1435 1726 1516 1752 esse
1544 1715 1654 1766 puto,
1686 1713 1791 1765 quod
1819 1715 1858 1752 et
1886 1711 2032 1752 Lokius
2060 1714 2101 1752 et
2127 1711 2318 1752 Hercules
2354 1711 2513 1751 habitus
2540 1712 2594 1753 sit

261 1777 527 1829 androgynos.
541 1776 590 1828 ⁶³)
633 1777 674 1817 N
675 1778 862 1817 otabilius
890 1792 973 1817 esse
1001 1778 1193 1826 videatur,
1224 1779 1328 1829 quod
1355 1778 1510 1818 Thorus
1538 1778 1654 1818 modo
1681 1781 1727 1818 ut
1753 1777 1957 1818 Vulcanus
1983 1777 2170 1817 malleum
2199 1776 2447 1829 (miiillnir)
2465 1772 2597 1818 'modo

258 1844 305 1882 ut
332 1841 523 1883 Hercules
566 1842 716 1882 clavam
758 1843 923 1895 gessisse
965 1843 1130 1883 dicatur.
1143 1840 1192 1896 ⁶⁴)
1248 1842 1382 1896 Atque
1415 1846 1461 1884 ut
1494 1842 1640 1883 Lokius
1678 1845 1815 1883 contra
1851 1841 2117 1883 Heimdallum
2143 1841 2345 1883 Vulcanus
2382 1855 2471 1882 cum
2498 1840 2596 1882 Sca-

259 1906 427 1946 mandro
465 1910 633 1947 certasse
668 1908 928 1957 narrabatur,
972 1908 1038 1948 ita‘
1066 1907 1255 1948 Hercules
1296 1909 1494 1948 lernaeam
1536 1908 1704 1960 hydram
1739 1907 1893 1947 Thorus
1935 1909 2107 1960 anguem
2139 1906 2336 1946 marinum
2373 1905 2527 1947 devicit.
2540 1905 2591 1960 ⁶⁵)

257 1970 475 2010 Maximam
502 1975 637 2011 autem
664 1972 833 2024 gloriam
861 1973 940 2012 sibi
966 1974 1209 2024 comparavit
1236 1973 1446 2021 Hercules,
1490 1987 1613 2025 quum
1640 1973 1683 2012 in
1712 1986 1846 2012 orcum
1874 1971 2126 2012 descenderet
2139 1970 2199 2012 ⁴ac
2228 1970 2441 2011 Cerberum
2468 1971 2594 2012 dedu-

259 2038 377 2076 ceret.
434 2035 520 2077 Nec
546 2037 678 2077 minus
706 2037 835 2077 audax
861 2037 1019 2078 Thorus
1047 2037 1213 2078 traiecto
1241 2038 1353 2087 mari,
1384 2039 1488 2090 quod
1516 2038 1680 2087 deorum
1713 2037 1822 2077 sedes
1857 2035 2169 2089 (Asenheim)
2206 2050 2231 2076 a
2263 2031 2474 2090 gigantum
2501 2050 2590 2077 arce

259 2099 570 2154 (Jetunheim)
609 2101 828 2151 dividebat,
867 2102 919 2142 ad
956 2099 1387 2156 Utgarthilocum
1421 2102 1563 2143 tartari
1591 2116 1725 2155 regem
1752 2102 1904 2142 venisse
1932 2103 1973 2142 et
1999 2101 2188 2141 acerrima
2217 2100 2432 2141 certamina
2458 2101 2594 2142 iniisse

257 2167 397 2207 fertur.
403 2165 452 2219 ⁶⁶)
483 2167 612 2214 Quam
639 2167 815 2207 fabulam
843 2167 1084 2208 Simrockius
1111 2168 1169 2208 ita
1196 2169 1496 2220 interpretatur,
1526 2170 1573 2207 ut
1600 2167 1775 2207 Thorum
1803 2167 2097 2206 fulminatorem
2125 2166 2353 2206 hiemalium
2381 2159 2591 2218 gigantum

260 2245 350 2271 arce
378 2235 607 2284 expugnata
634 2233 674 2271 id
704 2236 764 2272 est
791 2233 933 2273 hiemis
962 2233 1001 2272 vi
1028 2233 1156 2273 fracta
1184 2235 1375 2273 aestatem
1403 2234 1603 2273 reduxisse
1632 2235 1758 2284 putet.
1770 2230 1819 2284 ⁶⁷)
1913 2232 1918 2235 ’

453 2304 567 2347 Idem
603 2307 718 2356 deus,
756 2308 824 2360 qui
861 2307 1031 2348 hiemem
1059 2321 1190 2348 acrem
1227 2310 1343 2360 grata
1375 2308 1478 2348 veris
1505 2308 1590 2348 vice
1617 2308 1753 2357 solvit,
1793 2307 1948 2360 populis
1977 2307 2026 2347 ad
2055 2307 2204 2347 cultum
2232 2309 2272 2347 et
2299 2305 2593 2347 humanitatem

258 2371 435 2411 deductis
464 2372 642 2411 civitates
670 2373 770 2412 bene
797 2373 985 2412 instituit.
1041 2370 1094 2412 Et
1122 2374 1208 2412 erat
1236 2372 1390 2412 Thorus
1420 2372 1707 2417 Germanorum
1734 2376 1779 2412 ut
1806 2371 2184 2423 Melcart-Hercules
2211 2371 2455 2426 Phoenicum
2483 2370 2589 2410 colo-.-

255 2448 399 2474 norum
427 2438 632 2487 patronus.
670 2435 848 2488 Uterque
878 2437 941 2476 vel
964 2436 1250 2476 ‘remotissimas
1277 2436 1457 2489 regiones
1485 2437 1624 2477 adiisse
1652 2451 1698 2477 ac
1725 2429 1904 2488 plurimis
1931 2437 2027 2476 locis
2054 2437 2221 2489 vestigia
2246 2435 2451 2488 reliquisse
2482 2434 2596 2477 ,dice-

254 2499 384 2539 batur.
441 2499 505 2540 Ad
534 2500 683 2540 fretum
712 2500 957 2540 Gaditanum
984 2500 1166 2541 Herculis
1193 2500 1312 2540 fuisse
1340 2502 1552 2551 columnas,
1583 2502 1670 2553 quis
1699 2504 1759 2541 est
1787 2502 1854 2553 qui
1881 2502 2056 2542 nesciat?
2091 2500 2201 2549 Quae
2228 2514 2322 2541 vero
2350 2499 2449 2539 aliae
2476 2498 2590 2537 inve-

254 2564 468 2604 niebantur
495 2566 537 2604 in
567 2565 804 2605 Germaniae
831 2565 1152 2617 septentrionalis
1180 2566 1285 2615 sinu,
1325 2580 1441 2618 quem
1478 2580 1575 2605 num
1609 2566 1703 2605 deus
1737 2566 1876 2606 adierit
1904 2566 2063 2607 Tacitus
2099 2567 2183 2619 ipse
2217 2566 2260 2606 in
2301 2563 2589 2605 dubitationem

455 2759 496 2801 ⁸⁸)
542 2758 778 2793 Weinhold
800 2758 823 2790 1.
848 2769 875 2791 c.
899 2770 933 2801 p.
960 2758 1009 2792 13.

454 2814 494 2855 ⁸⁸)
540 2813 770 2847 Weinhold
795 2814 817 2845 1.
841 2825 868 2846 c.
892 2825 926 2857 p.
953 2814 1002 2847 18.
1048 2813 1235 2846 Simrock
1267 2813 1288 2846 l.
1312 2824 1338 2846 c.
1362 2825 1395 2857 p.
1419 2814 1470 2846 97.

454 2868 494 2910 ⁸⁰)
539 2867 582 2900 ι11.
606 2867 693 2907 XXI,
717 2867 910 2901 342—385.

455 2923 494 2963 ‘¹)
541 2921 775 2956 Weinhold
798 2922 820 2954 1.
844 2933 872 2954 c.
895 2934 929 2965 p.
953 2923 1006 2955 47.
1053 2922 1244 2955 Simroek
1274 2922 1295 2954 l.
1319 2933 1345 2955 c.
1369 2934 1403 2965 p.
1427 2922 1501 2956 121.
1569 2948 1572 2952 .

455 2977 494 3018 ⁶²)
540 2976 652 3009 Serv.
680 2977 765 3011 Aen.
791 2977 812 3014 l,
837 2977 889 3009 46.
935 2976 1003 3010 Cfr.
1033 2975 1101 3010 Cic.
1125 2987 1157 3009 n.
1181 2976 1214 3008 d.
1237 2976 1286 3015 11],
1310 2977 1361 3015 22,
1386 2978 1437 3009 55.

454 3030 494 3071 ⁶³)
539 3030 775 3063 Weinhold
799 3030 821 3062 1.
845 3041 872 3063 c.
896 3042 929 3073 p.
956 3031 1008 3064 11.

453 3085 493 3125 “)
538 3084 778 3118 Weinhold
802 3085 823 3117 l.
848 3096 875 3117 c.
899 3096 932 3127 p.
959 3084 1009 3117 14.
1055 3084 1245 3118 Simrock
1270 3084 1292 3117 l.
1316 3095 1343 3117 c.
1367 3095 1400 3127 p.
1425 3083 1498 3116 232.

455 3138 493 3180 ⁶⁵)
540 3137 727 3171 Simrock
750 3138 772 3170 1.
799 3149 825 3171 c.
850 3150 883 3181 p.
909 3139 989 3178 119;
1013 3138 1075 3171 255
1099 3149 1148 3181 sq.

453 3193 492 3233 ⁴⁶)
538 3192 725 3226 Simrock
748 3193 770 3225 1.
794 3205 821 3226 c.
845 3205 878 3235 p.
904 3194 967 3225 246
991 3204 1040 3234 sq.
1086 3193 1318 3227 Weinhold
1347 3192 1370 3225 1.
1393 3203 1421 3226 c.
1445 3204 1479 3235 p.
1503 3192 1544 3225 35
1566 3202 1617 3233 sq.

453 3246 492 3288 ⁶⁷)
537 3239 733 3280 Si'mrock
757 3246 779 3279 l.
804 3257 831 3279 c.
856 3257 889 3289 p.
914 3247 976 3280 260
999 3257 1050 3289 sq.
