2845 3642
1362 199 1403 240 Π

214 325 394 378 quaestio
427 328 487 365 est
521 325 779 377 perobscura,
822 325 870 366 de
911 339 990 378 qua
1030 327 1200 367 multum
1242 327 1285 366 ιιι
1318 330 1528 380 utramque
1561 331 1716 380 partem
1752 328 1999 382 disputatum
2036 333 2108 371 est.
2164 330 2338 372 Kritzius
2380 330 2538 384 quidem

214 389 400 429 omnibus
423 390 539 429 rebus
567 388 748 430 acc'urate
776 391 970 442 reputatis
997 390 1112 430 facsse
1139 404 1186 431 eo
1213 391 1434 441 adducitur,
1454 395 1501 433 ut
1527 405 1610 433 non
1632 393 1798 442 dubitet,
1819 394 1916 446 quin
1934 393 2095 436 Tacitus
2113 394 2367 437 Germaniam
2393 396 2536 437 adierit

214 456 255 494 et
283 453 454 506 aliquam
483 456 588 494 certe
615 456 770 506 partem
798 454 881 495 eius
908 456 1042 495 terrae
1069 455 1225 496 viderit.
1272 455 1332 496 Ac
1358 469 1440 496 non
1467 456 1554 496 leve
1582 459 1862 509 argumentum
1889 458 1973 510 peti
2000 443 2115 511 posse
2141 460 2237 501 dicit
2263 473 2311 502 ex
2338 461 2535 502 narratio·

212 519 329 557 nibus
357 519 405 557 de
432 519 506 558 diis
534 517 834 558 Germanorum.
894 519 1071 566 »Quibus
1099 534 1338 572 quamquam
1365 520 1546 560 Romana
1573 521 1716 561 tribuit
1742 522 1923 571 nomina,
1952 536 2052 574 quos
2079 523 2268 565 Germani
2294 526 2374 566 suis
2400 526 2539 578 appel-

212 582 368 631 labant,
412 581 487 623 hoc
521 585 656 623 tamen
688 586 800 636 patet
834 597 915 624 non
949 584 1067 625 aliter
1101 584 1187 626 fieri
1224 585 1418 638 potuisse,
1467 599 1586 638 qnam
1619 586 1725 639 quod
1759 585 1902 626 horum
1934 586 2098 629 deorum
2125 589 2277 631 cultum
2303 590 2538 644 quibusdam

210 646 399 687 Romanis
426 648 655 688 numinibus
682 649 942 689 assimularet.
999 649 1168 690 Necesse
1194 651 1320 704 igitur
1347 651 1440 700 fuit,
1476 651 1589 690 illum
1617 652 1769 691 cultum
1797 652 2018 692 accuratius
2044 667 2136 694 eum
2164 657 2403 709 cognovisse,
2433 657 2538 709 quod

209 713 368 752 nonnisi
401 714 444 752 in
482 713 696 754 Germania
729 714 813 754 fieri
850 716 993 766 potuit.
1050 716 1160 756 Haec
1187 717 1320 756 omnia
1348 717 1473 769 igitur
1500 719 1681 756 accurate
1707 716 1813 756 inter
1840 730 1882 756 se
1910 718 2127 769 composita
2153 732 2240 759 eam
2267 721 2348 760 vim
2375 721 2541 771 habent,

209 781 255 819 ut
283 778 349 819 vix
376 778 461 819 ulla
487 779 682 821 dubitatio
710 780 961 832 relinquatur
987 780 1031 821 in
1059 780 1272 822 Germania
1300 781 1420 822 fuisse
1447 778 1708 834 Tacitum.‹⁸)
1764 780 1967 823 Welterus
2003 784 2137 823 autem
2173 788 2411 839 argumenta
2442 787 2540 828 satis

209 845 316 883 certa
342 842 460 884 firma
487 844 644 884 stabilia
671 847 742 885 aut
769 845 932 887 omnino
958 846 1069 886 nulla
1096 859 1181 887 esse
1206 849 1325 900 putat
1353 849 1423 888 aut
1449 846 1508 887 ita
1533 849 1778 900 comparata,
1807 849 1855 887 ut
1880 850 2016 889 omnes
2043 847 2136 888 inde
2163 848 2430 891 dubitationes
2455 864 2538 892 non

208 909 368 960 penitus
396 909 608 959 tollantur,
645 911 713 950 sed
740 911 857 951 modo
893 911 1186 965 infringantur,
1223 914 1417 964 quantum
1449 926 1520 964 per
1556 907 1800 952 coniecturas
1836 910 1965 953 liceat.
2020 911 2082 953 Ac
2109 913 2205 953 satis
2232 915 2378 955 multas
2405 930 2468 957 res
2493 917 2538 957 in

207 976 396 1026 promptu
424 988 507 1016 esse
535 975 632 1016 dicit
660 978 701 1016 et
728 976 955 1029 perspicuas
983 979 1023 1018 et
1050 977 1222 1026 idoneas,
1244 978 1385 1030 quibus
1404 977 1500 1018 fides
1518 976 1658 1027 Taciti,
1679 978 1799 1018 etiam
1826 977 1859 1017 si
1886 977 1971 1030 ipse
1989 977 2033 1018 in
2053 976 2265 1018 Germania
2291 992 2374 1020 non
2401 980 2536 1033 fuerit,

206 1040 366 1092 probari
394 1053 440 1080 ac
467 1041 694 1081 confirmari
720 1042 857 1093 possit.
869 1040 903 1094 ⁶)
934 1042 1062 1090 Quam
1090 1043 1328 1083 sententiam
1356 1043 1516 1082 laudare
1543 1042 1718 1081 videmus
1736 1041 1939 1091 Haasium,
1969 1043 2037 1094 qui
2064 1042 2223 1095 quidem
2251 1046 2411 1095 praeter
2438 1046 2536 1086 alias

206 1118 268 1145 res
296 1105 371 1144 hoc
398 1119 555 1157 quoque
583 1106 764 1146 Tacitum
793 1107 843 1146 ad
871 1108 1122 1147 scribendum
1150 1108 1351 1158 impulisse
1379 1108 1600 1157 crediderit,
1620 1107 1725 1159 quod
1752 1107 1953 1147 videretur
1980 1107 2055 1147 sibi
2082 1108 2287 1159 aliquanto
2315 1111 2536 1151 accuratius

205 1170 253 1211 de
282 1168 496 1211 Germania
524 1170 652 1211 dicere
688 1184 803 1224 posse
840 1185 959 1225 quam
986 1172 1055 1213 alii
1063 1186 1081 1224 ,·
1126 1185 1254 1225 neque
1292 1172 1396 1213 euim
1432 1174 1550 1224 putat
1585 1172 1634 1212 iis
1670 1174 1830 1212 tantum
1862 1171 1974 1213 illum
2011 1172 2248 1214 adiumentis
2283 1186 2400 1214 usum
2437 1188 2532 1226 esse,

205 1249 305 1288 quae
333 1236 516 1275 omnibus
544 1236 587 1275 in
615 1240 805 1288 promptu
832 1240 960 1287 erant,
989 1238 1057 1277 sed
1085 1238 1268 1277 habuisse
1295 1240 1500 1295 praeterea
1527 1237 1605 1276 alia
1631 1250 1714 1276 non
1740 1237 1937 1290 vulg-aria,
1967 1237 2049 1277 sive
2076 1238 2181 1291 quod
2208 1238 2292 1291 ipse
2311 1239 2534 1293 aliquando

203 1301 246 1339 ιιι
273 1300 489 1340 Germania
514 1301 594 1341 fuit
621 1302 704 1341 sive
733 1302 838 1353 quod
866 1316 890 1341 a.
918 1302 1099 1342 Cornelio
1127 1301 1264 1342 Tacito
1291 1303 1354 1342 vel
1380 1305 1494 1353 patre
1521 1314 1593 1341 suo
1620 1302 1683 1341 vel
1710 1302 1916 1350 avunculo,
1947 1304 2052 1343 certe
2078 1303 2313 1355 propinqum
2343 1304 2418 1355 qui>
2438 1304 2535 1345 Bel·

205 1364 316 1439 gicae
344 1363 496 1406 Galliae
523 1367 758 1418 procurator
784 1365 932 1415 fuerat,
964 1366 1080 1419 plura
1108 1366 1293 1420 cognovit
1321 1379 1368 1407 ac
1395 1366 1567 1406 certiora
1591 1378 1712 1419 quam
1737 1366 1781 1406 in
1808 1366 1956 1425 vulgus
1978 1369 2076 1407 nota
2101 1369 2229 1407 erant.
2240 1365 2274 1420 ¹¹)
2492 1385 2499 1393 ›
2531 1389 2535 1392 ·

400 1435 549 1483 Quodsi
577 1436 911 1489 comparationem
939 1437 1141 1489 quandam
1169 1450 1306 1477 earum
1338 1450 1492 1486 rerum,
1528 1450 1630 1489 quae
1657 1439 1698 1476 et
1724 1450 1749 1476 a
1776 1436 1941 1477 Caesare
1968 1440 2009 1477 et
2036 1451 2060 1477 a
2085 1437 2223 1489 Tacito
2251 1437 2299 1477 de
2326 1436 2535 1479 Germanis

201 1501 350 1541 relatae
386 1504 502 1550 sunt,
545 1502 786 1551 institueris,
830 1516 925 1542 saue
961 1502 1155 1554 plurimas
1191 1503 1286 1543 satis
1317 1502 1424 1542 inter
1456 1515 1498 1542 se
1531 1502 1740 1542 convenire
1772 1501 1887 1543 facile
1922 1502 1996 1543 tibi
2029 1501 2300 1555 persuadebis3
2337 1503 2406 1544 sed
2430 1501 2535 1560 aliae

200 1569 381 1616 exstant,
423 1567 467 1607 in
500 1565 643 1619 quibus
680 1567 892 1620 scriptores
925 1567 1031 1608 inter
1069 1581 1110 1608 se
1147 1567 1354 1608 dissentire
1390 1566 1581 1619 reperias,
1618 1567 1678 1607 ita
1705 1569 1751 1608 ut
1779 1566 1920 1608 dubius
1947 1566 2134 1617 haesites,
2176 1567 2259 1608 utri
2284 1568 2411 1609 maior
2430 1566 2534 1621 fides

199 1630 412 1673 tribuenda
438 1632 632 1674 videatur.
678 1632 744 1673 Ad
772 1646 892 1686 quam
921 1634 1192 1686 quaestionem
1220 1630 1510 1673 diiudicandam
1537 1632 1710 1685 primum
1738 1632 1896 1685 quidem
1923 1632 2209 1686 respiciendum
2237 1636 2308 1683 est,
2341 1631 2533 1698 quantum

199 1700 241 1739 et
267 1701 495 1750 temporum
523 1701 564 1738 et
590 1711 723 1738 rerum
751 1699 1010 1739 intervallum
1039 1699 1092 1739 sit
1119 1699 1370 1739 interiectum
1397 1698 1502 1737 inter
1529 1697 1603 1737 hos
1630 1694 1853 1749 scriptores.
1889 1697 2032 1738 Caesar
2059 1698 2177 1750 enim,
2207 1711 2328 1750 quum
2356 1699 2535 1751 omnium

199 1763 353 1815 primus
382 1762 637 1803 Germaniam
664 1764 792 1814 ipsam
820 1765 1004 1812 intraret,
1034 1777 1116 1803 non
1143 1764 1219 1803 nisi
1247 1762 1447 1815 proximas
1474 1762 1656 1815 regiones
1683 1762 1781 1802 adiit
1808 1775 1882 1802 nec
1908 1763 2003 1803 satis
2031 1763 2098 1803 diu
2124 1763 2169 1803 in
2195 1763 2332 1804 iisdem
2360 1762 2537 1818 commoss

200 1830 312 1868 ratus
340 1829 417 1877 est,
454 1830 500 1868 ut
529 1828 662 1868 omnia
690 1829 914 1868 accuratius
940 1828 1117 1880 potuerit
1145 1828 1363 1880 explorare.
1421 1826 1477 1867 At
1504 1826 1631 1866 crebri
1657 1826 1708 1866 ad
1736 1840 1826 1866 eum
1853 1827 1986 1867 nuntii
2009 1826 2138 1872 ,delati
2165 1831 2259 1868 sunt
2285 1827 2357 1880 per
2369 1826 2535 1882 ,legatos

198 1892 306 1932 ultro
334 1893 513 1944 citroque
538 1893 690 1941 missos,
721 1894 869 1933 multas
896 1907 959 1933 res
987 1907 1058 1944 per
1090 1893 1244 1933 obsides
1278 1892 1470 1944 comperit
1501 1892 1544 1931 in
1581 1892 1700 1931 fidem
1736 1895 1934 1944 acceptos,
1981 1892 2128 1932 multas
2162 1904 2234 1944 per
2256 1891 2534 1945 'exploratores

201 1969 498 2010 quoquoversus
526 1957 755 2009 dispositos,
798 1958 946 1997 multas
975 1958 1144 2009 denique
1172 1958 1406 2008 easdemque
1432 1955 1686 2008 gravissimas
1713 1970 1785 2007 per
1812 1956 2042 2009 transfugas
2069 1960 2110 1997 et
2137 1957 2334 2009 captivos,
2364 1970 2533 2009 quorum

200 2022 328 2062 multa
354 2022 465 2062 milia
493 2036 542 2062 ex
570 2022 784 2062 Germania
811 2022 1020 2062 transtulit
1047 2025 1088 2062 et
1114 2035 1235 2073 supra
1260 2022 1389 2073 ripam
1416 2020 1548 2072 Rheni
1574 2021 1617 2060 in
1638 2019 1768 2061 Gallia
1796 2021 2012 2061 collocavit.
2043 2019 2159 2071 Quid,
2188 2024 2235 2062 ut
2262 2020 2531 2074 concedamus,

198 2100 249 2128 ex
274 2086 445 2128 maxime
472 2087 714 2129 incultorum
741 2087 902 2128 illorum
930 2086 1147 2137 hominum,
1176 2086 1239 2127 vel
1267 2098 1469 2127 servorum
1496 2085 1572 2127 velv
1586 2086 1770 2136 militum,
1796 2085 2091 2127 narratiom'bns
2117 2086 2305 2141 notitiam
2332 2086 2530 2141 quandam

197 2160 331 2192 rernm
359 2151 683 2192 Germanicarum
710 2153 786 2192 sibi
812 2153 1030 2205 paravisse,
1066 2153 1154 2204 quis
1183 2154 1315 2204 neget,
1346 2151 1573 2199 Caesarem,
1609 2165 1709 2203 quae
1737 2152 1785 2191 de
1811 2152 1944 2203 indole
1971 2155 2012 2191 et
2039 2151 2222 2203 moribus·
2235 2146 2531 2191 Germanorum

197 2218 494 2258 commentariis
529 2219 610 2258 suis
647 2218 818 2267 addidit,
861 2232 906 2258 eo
943 2221 1121 2269 tempore
1159 2217 1438 2268 composuisse,
1487 2230 1565 2268 quo
1606 2230 1748 2268 parum
1789 2219 1950 2257 tantum
1986 2216 2034 2256 de
2056 2214 2284 2257 'Germania
2318 2219 2530 2258 constaret.

197 2280 359 2324 'l'a‘citus
393 2296 488 2324 vero
520 2297 601 2323 non
639 2283 764 2324 solum
799 2283 1007 2324 materiam
1035 2297 1059 2323 a
1088 2281 1254 2324 Caesare
1291 2283 1476 2335 paratam
1508 2280 1551 2321 in
1584 2294 1701 2322 suum
1727 2280 1847 2322 finem
1874 2280 2075 2322 consulere
2102 2281 2327 2335 examinare
2355 2281 2532 2337 digerere

198 2347 380 2400 indeque,
410 2350 609 2400 quantum
636 2348 763 2388 visum
790 2351 862 2397 est,
885 2348 1115 2399 depromere
1143 2348 1288 2399 potuit,
1310 2346 1378 2386 sed
1405 2360 1490 2386 rem
1518 2347 1593 2386 sibi
1618 2359 1701 2385 non
1727 2345 1839 2398 prius
1866 2347 2187 2398 pertractandam
2213 2347 2394 2400 sumpsit,
2414 2359 2533 2399 quam

196 2426 269 2463 per
308 2427 435 2451 unum
477 2415 518 2452 et
559 2412 764 2451 dimidium
804 2413 886 2452 fere
927 2412 1128 2451 saeculum
1170 2414 1211 2451 et
1251 2411 1405 2451 ambitu
1446 2414 1487 2451 et
1527 2411 1809 2484 perspicuitate
1846 2411 2082 2451 immensum
2114 2414 2311 2462 quantum
2346 2411 2530 2462 accrevit.

196 2475 363 2529 Scripsit
390 2476 497 2517 enim
523 2476 703 2517 libellum
730 2490 845 2517 suum
873 2490 919 2517 ea
945 2479 1098 2526 aetate,
1137 2490 1218 2528 qua
1244 2474 1458 2516 Germania
1490 2475 1571 2516 iam
1599 2475 1824 2528 saepissime
1852 2477 1939 2516 erat
1966 2488 2262 2529 quoquoversus
2288 2489 2313 2516 a
2339 2474 2530 2518 Romanis

106 2543 111 2549 “
162 2541 502 2614 imperatoribus
535 2542 797 2594 perlustrata,
832 2555 910 2593 qua
944 2541 1109 2581 eximiae
1142 2541 1248 2580 illius
1281 2540 1413 2593 gentis
1444 2553 1509 2579 res
1541 2540 1585 2578 ιιι
1619 2539 1797 2579 omnium
1825 2539 1970 2579 civim
1996 2542 2114 2580 erant
2141 2552 2208 2580 ore
2235 2552 2458 2591 novamque
2484 2540 2528 2580 in

239 2620 278 2647 ω
307 2609 348 2648 et
373 2620 501 2680 paene
528 2607 796 2648 insatiabilem
824 2606 1054 2647 excitabant
1082 2606 1338 2660 cognoscendi
1368 2605 1612 2647 aviditatem.
1667 2604 1796 2646 Multa
1822 2605 1949 2659 igitur
1975 2619 2024 2647 ex
2051 2588 2237 2657 ducibus,
2267 2603 2410 2658 quibus
2437 2601 2531 2646 cura

200 2665 260 2707 Ge
460 2672 703 2726 subigendae
730 2675 817 2713 erat
845 2672 1063 2721 commissa,
1093 2672 1220 2712 multa
1248 2685 1296 2712 ex
1323 2670 1529 2719 militibus,
1560 2669 1628 2723 qui
1655 2670 1811 2710 rebus
1799 2684 1841 2710 m
1862 2669 2076 2711 Germania
2103 2670 2227 2744 gestis
2251 2667 2528 2721 interfuerant,

204 2731 315 2781 1³¹³tui
403 2738 585 2789 mperire.
614 2737 676 2777 Ac
704 2751 783 2789 quo
811 2751 903 2776 eum
932 2737 1062 2776 studio
1089 2750 1291 2776 censemus
1318 2737 1360 2775 ιιι
1388 2736 1495 2787 ipsos
1522 2734 1740 2775 Germanos
1766 2736 2027 2788 inquisivisse,
2057 2736 2126 2788 qui
2153 2748 2200 2775 ea
2226 2732 2357 2774 aetate
2379 2723 2528 2774 Romae

204 2796 323 2835 emm>
348 2796 387 2836 fr
464 2803 656 2843 entissimi
691 2806 732 2843 et
769 2803 812 2843 in
850 2802 965 2843 novis
1002 2815 1159 2854 quoque
1192 2801 1347 2842 sedibus
1383 2799 1537 2853 patrios
1573 2812 1701 2840 mores
1736 2803 1777 2841 et
1812 2800 1999 2841 instituta
2025 2799 2309 2853 sequebantur,
2356 2800 2402 2838 ut
2430 2811 2529 2851 quae

201 2869 373 2912 Peregre
550 2867 737 2908 nuntiata
770 2881 904 2908 coram
936 2866 1059 2919 aspici
1096 2867 1277 2919 possent!
1325 2864 1430 2913 Quid
1466 2864 1630 2905 multa?
1675 2864 1817 2906 Fontes
1852 2879 1986 2906 rerum
2028 2863 2352 2906 Germanicarum
2386 2861 2529 2903 Caesar

205 2922 364 2976 ιΨΘῙὮῘ13
390 2924 548 2973 Pfimoes
648 2932 772 2972 riores
798 2932 898 2972 adiit
925 2931 1100 2973 Tacitus.
1130 2953 1182 2959 —
1217 2930 1309 2971 Jam
1337 2943 1431 2971 vero
1458 2930 1849 2971 animadvertendum
1877 2934 1948 2980 est,
1978 2943 2056 2983 quo
2083 2933 2250 2981 uterque
2278 2928 2421 2977 animo,
2451 2941 2529 2980 quo

200 2987 370 3030 consilio
402 2986 455 3027 ad
470 2997 550 3025 'm
582 3003 601 3030 8
703 2998 801 3067 ndas
835 2997 1053 3038 accesserit.
1110 2996 1239 3045 Quam
1267 2995 1427 3048 quidem
1454 2995 1722 3047 quaestionem
1751 2996 1953 3037 Welterus
1980 2995 2038 3036 ita
2065 2995 2257 3048 explicat,
2293 2996 2341 3034 ut
2367 2993 2527 3034 omnino

404 3141 532 3185 ⁸r)K
540 3140 604 3173 itz
626 3144 754 3185 prol-s·
778 3143 856 3183 Τὼ.
878 3152 993 3185 cerm.
1022 3164 1056 3195 p.
1081 3153 1112 3185 5.

405 3196 431 3240 ⁸)
476 3194 634 3228 welte
654 3192 697 3227 de
703 3193 786 3278 ifidfl
807 3195 973 3246 Τωῆκιιι
996 3206 1099 3240 rebus
1122 3204 1241 3240 Germ.
1264 3205 1383 3249 Progr.
1407 3204 1532 3249 Gymn.
1554 3204 1698 3240 Mona-st.
1723 3205 1816 3240 1846.
1849 3204 1886 3239 P.
1910 3205 1940 3238 7.

404 3251 431 3289 ⁴¹)
474 3248 567 3281 Ffid·
589 3245 696 3278 ΗΕΒ-3
722 3247 800 3281 lde
823 3250 858 3281 C·
880 3247 988 3293 '1⁸⁸OE
1010 3260 1087 3291 vita
1108 3259 1248 3301 ingenio
1270 3259 1406 3300 scriptis
1429 3260 1675 3293 commentatio
1702 3271 1737 3302 p.
1760 3258 1851 3292 XXI.
