2845 3642
1465 193 1524 236 Ν

313 321 482 362 Graecis
514 321 749 374 Argolidem
785 321 1049 360 incolentibus
1085 328 1191 373 mg,
1227 322 1297 372 qui
1324 319 1416 361 tres
1450 322 1584 362 oculos
1621 321 1768 363 habere
1804 323 2036 374 putabatur.
2050 320 2098 375 ¹¹)
2153 322 2341 363 Germani
2363 320 2659 375 antiquissimis

313 386 564 440 ternporibus
592 398 794 426 summum
821 384 941 425 deum
960 383 1187 426 habebant
1198 385 1274 425 alii·
1294 383 1409 426 Mare
1433 383 1619 438 (Niordr)
1645 386 1721 427 alii
1742 385 1890 451 Ignem
1896 385 2079 440 fflki).

513 457 552 496 3.
608 454 753 495 Caesar
789 467 913 506 quum
947 455 1112 494 deorum
1144 465 1310 494 numero
1337 454 1558 494 Germanos
1593 454 1752 495 duxioee
1784 448 1906 507 putet·
1928 455 2084 497 8013111
2098 460 2157 498 et
2159 455 2390 498 Vaicanum
2415 459 2457 498 et
2483 419 2650 507 Bunam,

318 522 433 574 plura
469 520 628 572 quidem
665 519 828 559 nomina
861 518 928 558 sed
962 531 1085 558 unam
1112 517 1309 571 tripartiti
1335 518 1510 558 numinis
1537 521 1723 559 naturam
1750 519 2022 560 constituisse
2025 520 2246 563 Mur:
2279 521 2441 564 Etenim
2467 522 2537 576 qui
2560 521 2654 564 Sole

319 586 431 627 Buna
458 584 639 625 Vulcano
667 584 796 625 utitur
823 584 916 632 diis,
954 597 1076 623 unam
1103 583 1209 637 ignis
1236 583 1319 624 vim
1346 586 1570 633 consecrat,
1599 584 1668 624 sed
1695 596 1819 636 quum
1835 584 2065 645 triplicem
2071 595 2122 625 ex
2147 586 2234 640 13111
2255 587 2396 640 cupiat
2421 588 2652 637 utilitatem,

317 650 567 703 tripartitum
594 663 744 690 numen
771 649 925 689 statuit.
955 648 1087 702 Ignes,
1109 649 1179 701 qui
1206 649 1269 689 vel
1296 649 1339 688 in
1366 651 1475 689 terra
1501 648 1772 689 accenduntur
1799 648 1862 689 vel
1890 662 1939 689 ex
1965 642 2162 690 montium
2180 646 2403 694 verticibus
2424 655 2651 706 erumpunt,

313 715 390 755 alit
417 713 644 762 Vulcanus;
674 714 771 754 coeli
798 714 934 754 lumen
961 714 1149 754 diurnum
1177 716 1238 754 est
1265 714 1336 762 sol,
1366 716 1608 754 nocturnum
1634 713 1741 754 luna.
1771 712 1848 754 Sed
1875 713 1945 766 qui
1962 712 2094 754 Solem
2119 716 2162 754 et
2189 709 2357 756 {mnam
2367 720 2412 758 et
2427 717 2652 759 Vulcanum

314 792 390 832 pro
416 780 492 819 diis
520 779 716 827 habeant,
755 792 838 818 non
870 781 931 819 est
965 778 1070 831 quod
1107 791 1173 819 eos
1210 792 1332 818 unam
1364 779 1470 831 ignis
1502 778 1583 817 vim
1610 779 1792 818 venerari
1818 781 1947 831 putes.
2000 777 2134 820 Solem
2162 779 2286 819 en‘nu
2296 779 2459 822 cuncta
2465 795 2539 823 sua
2563 782 2649 823 luce

315 845 585 885 illustrantem
614 845 685 884 alii
712 856 796 884 esse
823 844 1002 884 iudicant
1018 844 1153 884 0111313
1171 844 1398 897 cingentem
1417 846 1537 896 atque
1555 843 1806 896 complexum
1833 843 2085 893 ardorem,
2115 843 2183 896 qui
2209 844 2376 885 aether
2402 847 2651 894 nomineturz

318 909 473 949 Lunam
500 912 634 949 autem
647 939 657 957 ,
693 909 804 948 cuius
831 922 979 961 magna
1006 909 1065 948 vis
1093 921 1178 948 3333
1204 909 1386 948 videatur
1413 909 1457 948 in
1483 908 1659 949 aestibus
1684 907 1896 949 maritimis
1912 907 1964 948 'et
1991 908 2266 949 accedentibus
2293 911 2335 949 et
2361 908 2649 958 recedentibus,

316 973 470 1013 habent
496 986 572 1024 pro
609 973 696 1013 deo
730 973 923 1012 marino.
938 972 989 1023 ¹⁴)
1045 972 1124 1019 Qui
1150 973 1194 1011 in
1221 985 1309 1012 3313
1336 973 1575 1012 sententiam
1602 973 1886 1020 traducuntur,
1929 972 2138 1012 Caesarem
2164 972 2319 1012 eosdem
2347 973 2653 1014 deos-statuisse

316 1037 394 1079 sibi
421 1037 730 1090 persuadebunt,
760 1050 860 1089 quos
888 1049 1011 1089 supra
1037 1036 1373 1078 nominaverimus
1399 1036 1545 1078 Aerem
1571 1035 1808 1089 (Bylleystr)
1836 1036 1995 1088 Aquam
2022 1035 2261 1089 (Helblindi)
2289 1037 2427 1090 Ignem
2454 1036 2601 1089 (Iaoki).

512 1101 611 1141 Tres
639 1101 699 1140 illi
726 1101 895 1140 maiores
923 1101 990 1149 dii,
1020 1113 1120 1153 quos
1146 1100 1313 1140 Caesare
1339 1103 1440 1140 teste
1469 1100 1659 1141 Germani
1685 1101 1789 1141 solos
1815 1100 2120 1150 venerabantur,
2154 1101 2293 1142 iisdem
2318 1101 2401 1143 fere
2427 1101 2653 1143 nominibus

316 1169 606 1217 nuncupantur
642 1165 686 1204 in
722 1166 877 1218 legibus
905 1166 1052 1205 Canuti
1078 1165 1285 1205 Danorum
1320 1166 1426 1218 regis
1453 1164 1520 1204 Sol
1547 1166 1659 1205 Luna
1687 1166 1808 1218 Ignis.
1819 1164 1868 1214 ¹⁶)
1923 1165 2177 1206 Herculem
2208 1179 2304 1207 vero
2337 1180 2460 1220 quum
2496 1170 2655 1220 praeter

315 1229 450 1272 Solem
477 1233 520 1271 et
546 1230 702 1271 Lunam
730 1234 888 1283 gentes,
920 1244 1021 1282 quae
1048 1230 1276 1270 inferiorem
1304 1229 1498 1270 Saxoniae
1524 1232 1680 1302 partem
1707 1229 1945 1278 incolebant,
1974 1230 2139 1270 tertium
2166 1230 2284 1270 deum
2310 1232 2494 1299 habuisse
2520 1245 2654 1272 rerum

316 1296 530 1349 scriptores
558 1295 810 1345 tradiderint,
825 1293 873 1348 ¹⁶)
903 1309 984 1336 non
1012 1295 1091 1336 alio
1102 1295 1282 1335 ’1111131113
1309 1294 1378 1335 33(1
1404 1293 1483 1335 3110
1511 1294 1671 1335 nomine
1697 1294 1757 1335 usi
1785 1296 1892 1335 sunt.

512 1378 550 1416 4.
608 1376 857 1416 Herculis
890 1389 1036 1416 nomen
1064 1389 1188 1429 quum
1216 1378 1257 1416 et
1285 1375 1445 1415 Tacitus
1473 1378 1658 1428 usurpet,
1697 1375 1740 1415 in
1769 1375 2040 1428 quaestionem
2066 1375 2192 1425 venit,
2222 1378 2358 1417 utrum
2385 1376 2502 1418 deum
2529 1377 2654 1431 signi-

317 1443 436 1483 ficare
463 1443 634 1482 voluerit
662 1455 715 1481 311
743 1442 916 1481 heroem.
944 1441 1005 1481 De
1034 1442 1153 1481 heroe
1181 1442 1437 1493 cogitandum
1464 1454 1546 1481 esse
1574 1443 1747 1489 censent,
1777 1441 1858 1492 qui,
1887 1440 1994 1492 quod
2011 1439 2172 1480 Tacitus
2189 1440 2408 1481 Germanos
2435 1442 2478 1481 in
2505 1442 2654 1494 proelia

316 1507 445 1548 ituros
472 1505 685 1548 Herculem
713 1506 887 1559 primum
915 1506 1094 1546 omnium
1122 1506 1298 1547 virorum
1326 1506 1493 1547 fortium
1521 1506 1706 1547 cecinisse
1734 1503 1925 1558 tradit,¹⁷)
1944 1506 2002 1546 ita
2028 1506 2357 1558 interpretantur,
2384 1509 2432 1547 ut
2458 1506 2654 1548 Irminum

318 1572 383 1611 vel
410 1572 533 1611 alium
562 1571 761 1623 quendam
788 1571 929 1609 ducem
956 1570 1217 1609 fortissimum
1244 1570 1497 1623 intellegant.
1553 1569 1688 1622 Atque
1717 1583 1839 1623 quum
1866 1569 1944 1609 alio
1970 1567 2114 1623 locust)
2142 1569 2442 1611 Hermunduros
2468 1570 2510 1611 in
2538 1584 2655 1624 proe-

316 1637 417 1677 lium
445 1637 726 1677 descendentes
754 1635 938 1676 Hercuiis
966 1636 1077 1675 nulla
1105 1636 1307 1675 mentione
1335 1635 1441 1675 facta
1467 1635 1588 1675 Marti
1617 1649 1663 1675 30
1681 1635 1877 1676 Mercurio
1904 1636 2030 1676 aciem
2057 1637 2270 1676 sacravisse
2297 1636 2414 1685 dicat,
2444 1637 2554 1686 duos,
2573 1650 2651 1677 non

317 1704 422 1751 tres,
461 1701 630 1742 maiores
667 1699 959 1741 Germanorum
993 1700 1086 1740 deos
1113 1699 1274 1740 Tacitus
1302 1700 1531 1753 cognovisse
1558 1700 1753 1741 videatur.
1809 1699 1934 1749 Cave,
1972 1714 2026 1741 ne
2059 1701 2155 1753 quid
2190 1700 2450 1742 inconsultius
2482 1701 2656 1742 affirmes

322 1769 445 1819 atque
472 1778 683 1806 asseveres.
743 1765 864 1804 Aliud
892 1778 1009 1817 saepe
1036 1764 1197 1804 Tacitus
1223 1765 1266 1804 in
1294 1765 1364 1804 illo
1391 1765 1440 1804 de
1468 1764 1756 1805 Germanorum
1783 1764 1956 1805 moribus
1983 1767 2106 1818 atque
2132 1765 2327 1806 institutis
2362 1765 2510 1815 libello,
2548 1765 2656 1807 aliud

318 1832 364 1872 in
390 1831 598 1871 annalium
627 1831 965 1882 historiarumque
993 1831 1104 1869 libris
1140 1830 1314 1879 rettulit,
1352 1831 1410 1869 ita
1446 1833 1491 1869 ut
1524 1843 1587 1870 res
1622 1831 1770 1869 relatae
1806 1830 1913 1870 inter
1946 1844 1987 1870 se
2022 1830 2244 1882 discrepare
2276 1831 2498 1870 videantur.
2553 1830 2655 1871 Sunt

317 1891 457 1950 igitur,
488 1895 558 1948 qui
583 1894 723 1935 Tacito
751 1895 937 1944 obiciant,
969 1895 1075 1947 quod
1101 1893 1312 1935 Herculem
1340 1894 1457 1934 modo
1484 1894 1601 1934 deum
1629 1894 1746 1934 modo
1772 1893 1932 1934 heroem
1958 1893 2079 1935 fuisse
2106 1894 2224 1935 dicat.
2238 1893 2287 1946 ¹⁹)
2339 1893 2449 1936 Haec
2474 1895 2542 1947 qui
2570 1894 2656 1935 obi-

314 1962 442 2009 ciunt,
470 1973 671 2000 summum
699 1960 813 2000 illum
841 1961 1078 2011 scriptorem
1104 1962 1262 1999 tantam
1289 1959 1365 1999 sibi
1392 1959 1582 1999 conflasse
1617 1961 1763 2011 putant
1789 1959 1853 1999 vel
1880 1959 2118 1999 temeritatis
2146 1959 2209 2005 vel
2235 1959 2455 2000 dementiae
2484 1960 2654 2012 culpam,

316 2029 364 2066 ut
391 2039 455 2066 res
483 2025 768 2065 diversissimas
797 2038 877 2064 uno
905 2025 1019 2076 quasi
1047 2038 1115 2064 ore
1142 2024 1473 2076 pronuntiaverit.
1529 2022 1571 2063 81
1600 2036 1738 2063 verum
1766 2026 1844 2071 oet,
1873 2023 1980 2075 quod
2007 2037 2125 2063 nemo
2152 2024 2328 2073 dubitat,
2367 2023 2655 2066 Germanorum

317 2090 497 2144 singulas
517 2089 714 2129 exstitisse
732 2089 927 2137 nationes,
944 2102 1044 2141 quae
1063 2101 1153 2128 suas
1172 2088 1351 2140 proprias
1371 2087 1533 2127 deorum
1553 2087 1758 2140 opiniones
1777 2087 2007 2138 retinerent,
2024 2088 2120 2141 quid
2136 2091 2208 2138 est,
2225 2089 2330 2141 quod
2343 2089 2543 2139 miremur,
2559 2089 2656 2137 alias

318 2156 492 2195 Martem
519 2168 565 2194 ac
592 2154 836 2194 Mercurium
863 2154 1089 2201 sacravisse,
1119 2154 1217 2192 alias
1244 2153 1371 2192 solum
1400 2150 1648 2203 Martem,²⁰)
1678 2152 1776 2191 alias
1803 2151 2015 2193 Herculem
2042 2150 2252 2194 cecinisse!
2296 2153 2359 2194 Ne
2385 2153 2655 2194 Hermunduri

317 2219 533 2261 Herculem
560 2219 723 2259 deorum
751 2232 917 2258 numero
945 2218 1147 2265 duxerint,
1182 2221 1318 2257 tamen
1353 2218 1466 2256 illum
1503 2217 1621 2256 deum
1654 2216 1775 2256 fuisse
1803 2217 2052 2269 negari'non
2078 2221 2230 2270 potest:
2271 2219 2349 2258 nisi
2381 2219 2485 2258 forte
2517 2219 2656 2258 existi-

316 2297 494 2332 mamus,
530 2282 724 2332 Batavos,
759 2283 828 2336 qui
855 2282 985 2323 Marte
1063 2282 1321 2336 praecipuum
1358 2282 1475 2322 deum
1511 2281 1724 2330 coluerint,
1763 2295 1836 2322 nec
1863 2280 2104 2324 Mercurium
2130 2297 2205 2324 nec
2230 2282 2443 2324 Herculem
2470 2282 2654 2325 habuisse

317 2350 422 2389 deos.
454 2348 604 2396 Quodsi
631 2361 713 2387 non
741 2361 876 2387 omnes
904 2361 987 2387 sem
946 2296 1060 2399 muz
1086 2347 1256 2387 maiores
1283 2346 1339 2387 dii
1368 2346 1473 2398 apud
1501 2359 1636 2386 omnes
1663 2346 1845 2386 nationes
1873 2351 2242 2398 commemorantur,
2261 2348 2345 2388 noli
2368 2348 2651 2402 argumentari,

316 2427 443 2454 unum
471 2414 535 2453 vel
563 2413 734 2453 alterum
762 2412 883 2452 fuisse
910 2413 1028 2451 deum
1056 2414 1128 2451 aut
1153 2412 1348 2451 minorem
1375 2413 1446 2450 aut
1474 2411 1640 2450 nullum.
1698 2410 1818 2452 Aliud
1845 2414 1906 2452 est
1933 2413 2039 2452 enim
2066 2416 2218 2461 tacere,
2248 2413 2357 2453 aliud
2383 2426 2543 2464 negare.

513 2476 571 2517 Ut
605 2477 655 2516 ad
692 2477 822 2516 locum
856 2476 1014 2516 redeam
1048 2473 1220 2515 maxime
1259 2474 1442 2522 dubium,
1486 2475 1529 2513 in
1565 2475 1747 2515 omnibus
1779 2476 1938 2527 quidem
1970 2475 2020 2516 de
2057 2476 2271 2517 Germania
2302 2477 2426 2524 libelli
2458 2477 2655 2517 codicibus

315 2544 474 2595 praeter
502 2540 745 2583 Mercurium
773 2543 815 2581 et
842 2539 1015 2581 Martem
1043 2540 1211 2592 legimus
1239 2538 1462 2588 Herculem,
1492 2540 1561 2580 sed
1588 2540 1667 2580 duo
1694 2540 1844 2581 codices
1871 2540 2061 2591 (Pontaui
2089 2545 2130 2582 et
2158 2541 2272 2582 Rom.
2292 2541 2422 2582 Vatic.
2451 2541 2503 2582 N.
2526 2542 2654 2594 1862)

316 2607 380 2648 dei
407 2619 553 2647 nomen
581 2607 724 2647 ultimo
752 2606 839 2647 loco
868 2605 1119 2654 addiderunt,
1139 2603 1409 2658 duodeviginti
1438 2604 1481 2644 in
1508 2605 1682 2658 primum
1709 2604 1838 2646 locum
1865 2607 2207 2660 transposuerunt.
2237 2605 2504 2649 Glossatorem
2530 2606 2655 2661 igitur

316 2686 464 2712 nomen
492 2673 688 2711 addidisse
717 2675 880 2711 censent
909 2670 1091 2710 Ritterus
1118 2673 1159 2709 et
1186 2671 1361 2709 Kritzius
1388 2683 1517 2722 neque
1544 2671 1741 2719 indicant,
1778 2671 1881 2713 unde
1908 2672 2121 2724 receperit,
2161 2683 2286 2725 quum
2311 2670 2500 2712 Hercules
2527 2685 2655 2726 neque

316 2739 360 2778 in
388 2737 466 2778 illis
495 2739 545 2778 ab
572 2752 735 2778 excessu
763 2737 843 2777 divi
872 2736 1047 2790 Augusti
1074 2735 1187 2776 libris
1215 2735 1344 2786 (XIII,
1374 2737 1440 2784 57,
1467 2736 1512 2787 3)
1540 2735 1737 2776 Mercurio
1765 2739 1806 2775 et
1833 2736 1954 2780 Marti
1969 2738 2224 2789 adiungatur
2251 2741 2291 2777 et
2319 2736 2388 2788 qui
2415 2737 2462 2777 de
2490 2737 2656 2779 Germa·

513 2868 556 2908 ⁸¹)
600 2866 746 2899 Pausan.
768 2866 811 2905 11,
834 2867 888 2898 24.
934 2866 1003 2899 Cfr.
1027 2865 1222 2899 Get-hard
1245 2865 1302 2897 die
1321 2865 1363 2901 12
1385 2864 1509 2898 Gotter
1532 2863 1804 2898 Griechenlands
1826 2875 1860 2908 p.
1883 2865 1914 2898 4.

515 2922 553 2965 ¹⁴)
600 2920 801 2955 Simrock
824 2921 846 2954 1.
870 2932 897 2954 c.
922 2933 955 2964 p.
980 2920 1055 2953 384.

516 2975 554 3016 ¹⁵)
599 2974 763 3008 Menzel
786 2974 902 3007 Germ.
926 2973 951 3011 Ι,
975 2974 1027 3005 79.

517 3028 556 3070 ¹⁸)
602 3027 871 3061 Schaumann
894 3026 1014 3060 Gesch.
1038 3026 1071 3059 d.
1094 3026 1323 3060 niedersachs.
1347 3026 1455 3060 Volks
1477 3037 1511 3068 p.
1536 3026 1616 3064 115;
1640 3024 1791 3058 Strack
1815 3025 2025 3068 Wegweiser
2046 3036 2107 3058 um
2130 3024 2244 3059 Eilsen
2266 3037 2301 3068 p.
2323 3025 2395 3059 48.v

518 3082 558 3123 ¹⁷)
602 3081 681 3114 Tac.
706 3080 821 3113 Germ.
845 3081 876 3112 3.

519 3135 558 3178 ¹⁸)
603 3133 682 3167 Tac.
706 3133 820 3167 annal.
844 3132 934 3172 xm,
958 3133 1010 3171 57,
1034 3133 1064 3166 3.

517 3189 557 3229 ¹’)
602 3187 672 3220 Cfr.
696 3187 810 3220 Germ.
835 3183 872 3225 3;
896 3186 934 3218 9:
957 3196 1037 3219 ann.
1060 3185 1101 3224 Π,
1128 3186 1184 3225 12;
1208 3184 1298 3225 XIII,
1322 3186 1374 3218 57.

518 3242 559 3284 ³⁰)
602 3241 682 3275 Tac.
706 3241 786 3275 hist.
810 3241 868 3280 IV,
892 3241 946 3279 64,
974 3241 1002 3274 1.
