2845 3642
1378 125 1442 175 IX

257 259 456 314 voe-ww
492 274 575 305 non
609 261 797 319 Hemilis
819 265 936 305 erant
970 263 1174 304 columnae
1208 263 1277 304 sed
1302 261 1445 303 Ήιοέι.
1456 260 1505 315 ⁶⁰)
1562 262 1748 303 Germani
1780 262 1886 303 enim
1923 276 2046 316 quum
2073 276 2154 304 non
2181 263 2382 318 fingerent
2407 263 2568 319 deorum

255 327 488 378 sitnulacra,
520 329 636 382 signa
667 324 886 368 habebant
893 323 1094 370 Wumm'.
1122 327 1280 367 hastam
1302 326 1403 378 Tyn
1437 327 1612 384 gladium
1638 316 1760 367 Thori
1790 328 1854 368 vel
1884 329 2069 368 malleum
2100 329 2163 369 vel
2190 330 2429 369 columnam.
2478 328 2570 370 Nec

255 392 436 434 dubium
446 405 532 434 esse
549 390 757 441 '‘videatur,
792 393 891 444 quin
917 391 1041 433 'l'hori
1065 384 1349 444 antiqufissimis
1373 391 1616 443 temporibus
1642 390 1790 431 fuerint
1816 391 2036 448 columnae,
2075 392 2217 453 quibus
2242 396 2381 446 postea
2407 387 2570 434 nomina

253 456 403 498 indita
411 460 506 498 sunt
524 457 703 508 -Bolandi
723 454 979 496 Aethehtani
1005 454 1155 507 Hoyeri
1180 455 1505 495 Mansfeldiensis.
1560 455 1732 495 Rolandi
1766 455 1947 495 columna
1981 457 2181 497 invenitur
2214 461 2254 498 et
2286 459 2373 498 aliis
2406 458 2502 498 locis
2529 460 2570 498 et

257 521 485 588 Eresburgi,
514 521 624 573 quod
645 519 849 560 castellum
874 520 919 559 in
945 520 1091 560 ducatu
1111 520 1350 561 Westfaliae
1375 526 1483 560 ‘nunc
1509 520 1652 560 dicitur
1678 519 1884 572 Marsberg
1909 533 1941 560 s.
1969 519 2213 574 Stadtberge.
2267 523 2568 571 Irmansfili‚

258 589 382 639 quam
405 585 722 638 interpretantur
748 584 1008 625 universalem
1034 584 1274 635 columnam,
1307 588 1443 626 utrum
1475 584 1625 626 Irmino
1661 597 1712 624 an
1747 582 1879 624 Thoro
1915 587 2067 625 sacrata
2099 585 2234 635 fuerit,
2272 586 2452 641 equidem
2488 584 2570 628 non

257 649 573 698 diiudicant-im:
609 652 714 690 certe
749 650 908 703 quidem
936 649 1108 690 Saxones
1143 650 1308 691 victoria
1335 664 1384 691 ex
1410 650 1625 703 Thuringis
1651 651 1854 701 reportata
1880 649 2029 690 Irmino
2055 663 2164 690 sacra
2190 652 2326 693 fecisse
2353 645 2570 694 traduntur

258 729 308 756 ac
333 718 508 756 statuam
533 715 709 767 posuisse
739 715 895 768 »effigie
922 716 1192 755 columnarum
1218 716 1418 756 imitantes
1444 715 1694 756 Herculem«.
1705 712 1756 767 ⁷⁰)

452 778 538 820 Nec
570 780 770 820 columnas
804 780 931 820 solum
966 780 1040 821 deo
1076 780 1184 834 erige
1317 780 1385 821 sed
1420 780 1541 820 etiam
1577 793 1665 819 aras
1702 780 1995 820 consecrabant.
2049 778 2110 819 Ac
2145 793 2245 832 quae
2280 781 2324 820 in
2350 782 2570 835 lapicidinis

259 844 513 891 ooeidentalis
537 845 786 898 potissimum
805 844 1039 886 Germaniae
1064 845 1246 885 invenieb
1394 859 1489 885 saxa
1515 845 1648 885 votiva
1674 845 1735 885 vel
1762 844 1904 885 altaria
1920 843 2164 884 Herculis
2184 845 2387 896 Saxani,
2408 848 2570 888 dubium

262 923 345 950 esse
371 922 453 950 non
482 913 631 962 potest,
668 910 766 962 quin
798 913 1024 950 consecrata
1055 910 1204 950 fuerint
1239 909 1381 950 Thoro.
1438 909 1746 950 Fulminatorem
1781 909 1904 957 enim,
1944 910 2013 961 qui
2048 910 2109 949 vel
2137 910 2341 950 durissima
2366 925 2460 952 saxa
2485 912 2571 952 sine

261 973 395 1015 labore
423 973 617 1022 diffindat,
645 987 670 1012 a
696 974 874 1025 lapicidis
901 974 1063 1014 summis
1089 973 1303 1013 honoribus
1329 974 1514 1014 affectum
1540 987 1623 1013 esse
1658 987 1774 1013 nemo
1809 974 1984 1025 negabit.
2042 974 2101 1013 Ac
2137 988 2257 1025 quum
2294 975 2468 1015 Saxanus
2504 977 2571 1016 ille

261 1036 452 1079 Hercules
478 1052 560 1078 non
588 1038 664 1078 nisi
690 1039 733 1078 in
761 1038 971 1079 Germania
999 1039 1210 1087 coleretur,
1247 1053 1342 1079 saxa
1376 1039 1445 1079 illa
1480 1038 1531 1078 ab
1565 1038 1660 1090 ipsis
1688 1037 1894 1079 Germanis
1922 1041 2147 1078 consecrata
2175 1052 2255 1079 esse
2282 1042 2385 1080 recte
2413 1040 2571 1092 putavit

263 1100 572 1155 Simroekius.⁷¹)
627 1101 719 1143 Non
760 1103 822 1143 sui
862 1103 985 1157 igitur
1026 1102 1206 1143 Herculis
1242 1102 1388 1142 cultum
1426 1102 1596 1143 Romani
1631 1102 1775 1142 milites
1807 1102 1849 1142 in
1883 1101 2139 1142 Germaniam
2170 1104 2467 1153 transtulerunt,
2502 1106 2571 1145 sed

263 1179 381 1222 quem
409 1165 597 1206 Germani
622 1167 913 1207 venerabantur
939 1167 1172 1219 lapidarium
1189 1167 1376 1215 Thorum,
1406 1166 1606 1206 saxanum
1632 1165 1843 1206 Herculem
1869 1180 1941 1206 sua
1967 1167 2104 1219 lingua
2131 1167 2379 1218 interpretati
2404 1172 2571 1209 sunt.—

261 1229 314 1272 In
340 1231 447 1271 silvis
475 1229 662 1271 Germani
687 1231 918 1284 plerumque
946 1232 1108 1272 deorum
1139 1231 1254 1285 signa
1280 1230 1568 1280 recondebant,
1606 1244 1717 1271 sacra
1749 1230 1959 1272 faciebant.
2017 1230 2150 1283 Atque
2179 1234 2224 1271 ut
2250 1231 2393 1273 Nerthi
2421 1236 2572 1277 castum

262 1308 401 1335 nemus
429 1298 515 1336 erat
542 1296 585 1335 in
612 1296 742 1336 insula
766 1295 927 1345 Oceani,
936 1294 987 1348 ⁷²)
1015 1296 1073 1336 ita
1099 1299 1209 1337 trans
1237 1296 1442 1349 Visurgim
1467 1296 1567 1336 silva
1593 1294 1789 1336 Heracli
1776 1310 1803 1336 1.
1832 1309 1866 1336 e.
1894 1295 2027 1337 Thero
2055 1309 2179 1336 sacra.
2188 1294 2239 1348 ⁷³)

456 1360 565 1402 Haec
605 1361 738 1401 omnia
777 1361 847 1414 qui
881 1361 1201 1412 consideraverit,
1243 1362 1357 1402 facile
1383 1361 1604 1434 intelleget,
1640 1360 1850 1401 Herculem
1886 1374 1911 1401 a
1947 1360 2085 1401 Tacito
2121 1361 2163 1400 in
2190 1362 2380 1402 maiorum
2406 1376 2572 1403 numero

265 1426 430 1468 deorum
455 1429 562 1468 recte
588 1441 671 1467 esse
697 1427 929 1480 repositum,
958 1441 1032 1467 nec
1057 1428 1238 1468 dubitare
1264 1429 1412 1480 potest,
1449 1426 1548 1478 quin
1572 1426 1749 1466 Thorum
1775 1426 1999 1478 significare
2027 1426 2206 1466 voluerit.
2260 1427 2411 1468 Thorus
2438 1431 2572 1468 autem

264 1504 388 1543 quum
422 1493 525 1532 esset
559 1491 790 1532 fulminator
822 1505 868 1532 ac
903 1491 1064 1532 deorum
1100 1492 1297 1544 princeps,
1337 1492 1406 1544 qui
1440 1492 1691 1544 asabragr
1725 1491 1960 1540 vocabatur,
2003 1493 2064 1531 est
2095 1491 2164 1531 ubi
2195 1496 2433 1544 exaequetur
2467 1492 2572 1534 Jovi.

264 1554 376 1596 Jovis
402 1555 527 1609 igitur
554 1556 656 1596 diem
682 1558 787 1597 recte
815 1556 1122 1608 interpretamur
1148 1556 1375 1609 Donarstag
1403 1554 1701 1608 (Donnerstag),
1737 1555 1848 1596 Jovis
1874 1558 2051 1595 montem
2079 1555 2329 1609 Donarsberg
2356 1556 2576 1605 (Donners-

264 1621 401 1674 berg),
447 1620 557 1661 Jovis
596 1621 718 1661 robur
758 1622 801 1661 in
842 1635 938 1674 agro
980 1621 1256 1662 Geismariensi
1297 1616 1580 1670 Donarseiche‚
1627 1620 1737 1661 Jovis
1772 1621 1936 1661 barbam
1973 1620 2221 1662 Donarsbart
2259 1620 2572 1674 (Donnerkraut,

266 1684 562 1738 Sempervivum
589 1685 813 1739 tectorum).

461 1753 498 1791 6.
554 1751 616 1790 De
651 1751 811 1791 deorum
847 1752 952 1803 apud
980 1750 1196 1792 Germanos
1232 1752 1342 1792 cultu
1376 1752 1411 1791 si
1445 1751 1526 1791 iam
1561 1750 1783 1802 quaerimus
1819 1750 1915 1802 quid
1947 1750 2133 1791 differant
2170 1749 2310 1790 Caesar
2336 1753 2377 1791 et
2402 1750 2574 1801 Tacitus,

267 1817 338 1856 aut
363 1829 428 1856 me
453 1829 564 1856 amor
589 1816 760 1868 suscepti
787 1815 938 1868 negotii
964 1815 1069 1859 fallit
1094 1817 1165 1856 aut
1191 1815 1352 1857 nomina
1379 1814 1537 1868 quidem
1564 1816 1669 1855 recte
1695 1816 1793 1867 puto
1813 1814 1939 1864 varia,
1960 1814 2127 1855 similem
2144 1814 2226 1855 vim
2243 1818 2361 1868 atque
2378 1818 2575 1857 naturam.

266 1879 364 1921 Tres
398 1883 564 1934 uterque
600 1881 767 1923 maiores
797 1880 917 1921 fuisse
952 1881 1048 1921 dicit
1084 1881 1196 1930 deos,
1238 1881 1340 1921 alter
1371 1879 1502 1922 Solem
1536 1878 1693 1919 Lunam
1730 1878 1974 1928 Vulcanum,
2015 1879 2116 1919 alter
2145 1878 2381 1920 Mercurium
2406 1880 2577 1921 Martem

266 1945 489 1986 Herculem.
544 1945 706 1985 Herculi
747 1959 834 1986 cum
876 1945 1054 1985 Vulcano
1099 1946 1397 1986 similitudinem
1443 1944 1641 1997 quandam
1685 1947 1853 1985 naturae
1897 1944 2018 1985 fuisse
2063 1945 2178 1985 facile
2222 1946 2465 1986 concedimus
2505 1961 2580 1987 neo

267 2024 457 2063 magnum
493 2010 701 2051 discrimen
736 2010 976 2050 intercedere
1011 2010 1190 2050 videatur
1225 2010 1332 2050 inter
1369 2009 1498 2050 Solem
1532 2011 1573 2049 et
1605 2007 1847 2049 Mercurium
1875 2011 1916 2049 et
1943 2008 2115 2050 Odinum
2151 2010 2233 2050 sive
2262 2009 2577 2064 Wuotanum.⁷⁴)

268 2074 382 2116 Luna
409 2078 542 2116 autem
570 2088 647 2127 qua
673 2074 826 2115 ratione
853 2087 930 2127 quo
957 2074 1042 2114 iure
1070 2074 1288 2127 comparari
1314 2074 1440 2126 possit
1465 2073 1599 2122 Marti,
1629 2074 1807 2126 quaestio
1835 2076 1896 2114 est
1922 2075 2157 2126 perobscura
2182 2088 2228 2115 ac
2255 2075 2430 2129 difficiles
2457 2075 2579 2117 habet

269 2141 499 2194 explicatus.
553 2138 840 2192 Planckius,⁷⁵)
878 2139 948 2192 qui
981 2138 1193 2180 Herculem
1224 2152 1306 2179 non
1342 2140 1459 2180 deum
1493 2138 1613 2178 fuisse
1648 2140 1783 2189 putat,
1830 2137 2001 2179 Martem
2034 2140 2232 2191 componit
2267 2153 2355 2180 cum
2382 2139 2578 2190 Vulcano,

270 2205 424 2245 Lunam
451 2208 584 2244 autem
610 2218 698 2244 cum
724 2204 839 2244 Iside.
894 2204 948 2244 Et
973 2203 1069 2244 Isidi
1096 2204 1254 2256 quidem
1280 2203 1445 2244 eandem
1470 2203 1589 2243 fuisse
1616 2203 1712 2243 dicit
1738 2206 1942 2253 naturam,
1981 2217 2100 2256 quam
2128 2203 2310 2245 Demeter
2336 2218 2482 2257 magna
2510 2206 2580 2246 illa

270 2272 402 2311 terrae
427 2271 555 2310 mater
581 2268 784 2318 habuerit3
819 2271 968 2309 terram
1004 2270 1137 2308 autem
1170 2270 1338 2309 matrem
1371 2267 1476 2320 quod
1509 2267 1667 2308 Tacitus
1699 2268 1782 2320 ipse
1808 2268 2027 2308 arbitratur
2053 2268 2265 2316 Nerthum,
2278 2265 2329 2319 ⁷⁶)
2366 2267 2579 2310 Planckius

273 2334 386 2375 facile
421 2334 649 2383 adducitur,
687 2336 733 2374 ut
767 2337 808 2374 et
834 2333 1035 2379 Nerthum
1074 2336 1116 2373 et
1141 2333 1285 2374 Isidem
1320 2333 1439 2373 simili
1476 2333 1645 2385 quadam
1678 2336 1823 2373 natura
1855 2346 1967 2372 usam
1995 2347 2077 2372 esse
2104 2334 2307 2373 existimet.
2363 2334 2583 2376 Liburnam

272 2399 395 2447 enim,
433 2398 538 2450 quod
570 2398 685 2439 Isidis
719 2400 805 2438 erat
841 2397 1017 2450 signum,
1056 2397 1358 2449 comparandam
1393 2410 1477 2436 esse
1512 2400 1646 2437 censet
1679 2410 1768 2437 cum
1794 2396 1941 2437 Nerthi
1971 2397 2149 2437 vehiculo
2184 2411 2254 2437 nec
2280 2398 2454 2448 dubitat,
2485 2401 2583 2452 quin

468 2589 509 2632 ⁸⁶)
553 2587 667 2622 Germ.
689 2587 743 2620 34.

468 2648 510 2691 ⁶⁹)
553 2647 716 2682 Grimm
736 2645 783 2680 M.
806 2657 840 2690 p.
865 2645 942 2685 1073
971 2645 1046 2679 306.
1090 2645 1286 2680 Simrock
1308 2646 1331 2679 1.
1353 2656 1382 2679 c.
1404 2656 1438 2689 p.
1460 2646 1535 2679 245.

469 2708 510 2750 '¹')
553 2705 796 2740 widukind
819 2705 842 2738 1.
864 2716 892 2739 c.
913 2704 939 2744 1,
964 2705 1015 2738 12.
1059 2705 1127 2739 Cfr.
1150 2705 1342 2740 Simrook
1365 2705 1388 2738 1.
1410 2716 1438 2738 c.
1460 2716 1495 2748 p.
1517 2705 1591 2738 262.

469 2768 510 2812 ¹¹)
553 2765 746 2801 Simrock
768 2765 791 2800 l.
813 2777 841 2800 c.
864 2777 898 2810 p.
921 2764 1241 2800 239.—Herculem
1262 2775 1380 2809 parem
1403 2764 1507 2800 fuisse
1528 2776 1633 2808 supra
1654 2764 1961 2800 demonstravimus
1983 2765 2070 2801 Jovi.
2094 2766 2143 2800 Ac
2165 2777 2296 2808 saxum,
2319 2766 2414 2804 Jovis
2438 2770 2584 2815 signum,

554 2825 692 2870 antiqui
712 2825 860 2860 Romani
881 2825 1134 2859 venerabantur
1156 2824 1263 2869 (Serv.
1275 2826 1360 2858 Aen.
1370 2824 1454 2864 VlIl,
1466 2825 1543 2867 641)
1565 2826 1602 2859 et
1622 2835 1686 2868 per
1703 2824 1822 2859 Jovem
1841 2824 2006 2868 Lapidem
2029 2825 2199 2859 iurabant.
2222 2826 2290 2861 Cio.
2303 2828 2348 2862 ad
2359 2828 2441 2864 fam.
2454 2830 2522 2871 Vll,
2537 2832 2586 2865 12.

555 2886 643 2921 Gen.
664 2887 687 2926 1,
710 2887 762 2926 21,
784 2886 816 2919 4.
842 2885 978 2929 Polyb.
1000 2885 1051 2925 111,
1073 2885 1126 2919 25.
1170 2885 1261 2918 Plut.
1282 2884 1366 2918 Suu.
1390 2885 1441 2919 10.
1485 2884 1581 2917 Paul.
1604 2883 1699 2919 Diae.
1721 2896 1755 2928 p.
1778 2885 1820 2918 92
1828 2898 1836 2925 ς
1860 2885 1932 2919 115.

471 2947 513 2989 ”)
555 2945 634 2980 Tac.
656 2945 770 2980 Germ.
792 2946 845 2979 40.

471 3006 513 3048 ¹¹⁸)
555 3004 637 3039 Tac.
657 3015 737 3039 ann.
759 3005 795 3045 11.
820 3004 870 3038 12.
914 3003 982 3038 cfr.
1004 3002 1200 3037 Simrock
1226 3002 1249 3036 1.
1271 3013 1300 3036 c.
1323 3014 1358 3046 p.
1381 3002 1453 3036 231.

473 3065 515 3107 ⁷⁴)
558 3064 616 3098 Sol
639 3076 661 3098 a
682 3066 771 3105 vate,
794 3064 855 3107 qui
878 3063 1011 3097 Eddam
1032 3063 1232 3107 composuit,
1264 3063 1381 3097 oculus
1404 3063 1545 3097 vocatur
1567 3061 1681 3096 Odini.
1726 3061 1887 3096 Grimm
1909 3061 1954 3096 Π.
1977 3074 2012 3106 p.
2034 3063 2110 3097 665.

473 3122 516 3167 ¹¹⁸)
559 3123 668 3159 Beitr.
690 3136 750 3158 zur
768 3123 966 3169 Erklarung
987 3123 1048 3158 der
1069 3121 1178 3158 Tacit.
1200 3122 1316 3158 Germ.
1340 3122 1389 3156 im
1411 3122 1529 3167 Progr.
1552 3121 1586 3156 d.
1609 3121 1732 3166 Gymn.
1756 3132 1799 3155 zu
1820 3121 2012 3157 Heilbronn
2036 3122 2151 3169 (1867)
2174 3135 2208 3169 p.
2233 3124 2283 3159 16.

473 3185 514 3227 ¹¹⁸)
557 3183 672 3219 Germ.
689 3185 744 3219 40.

2077 3236 2144 3279 2·
