2845 3642
1414 144 1451 187 X

261 272 374 314 navis
400 272 473 314 illa
497 272 619 313 fuerit
645 271 795 312 lunata.
823 270 886 318 Ex
913 271 1119 324 signorum
1145 271 1271 324 igitur
1297 272 1556 321 similitudine
1582 273 2584 327 colligitsimilmln'disNerthiImaem

260 335 348 379 Nee
373 350 467 378 vero
493 337 591 378 satis
618 338 785 385 constat,
809 334 1012 379 Nerthum
1038 334 1219 377 a'l'aeito
1244 338 1353 377 recte
1378 336 1621 389 appellatam
1646 337 1924 388 eneTeusm
1937 338 2586 388 mammol'l'anchiuenb

259 391 1012 460 argumentisconfirmassevideatur‚
1043 397 2205 458 IsideznetNerthumunameendemqnedeemfuine.
2240 402 2585 453 Anido-msa

261 465 420 511 Tacitus
446 478 592 505 nomen
619 464 764 506 indidit
788 464 906 513 Isidi,
934 478 960 505 a
986 463 1196 505 Germanis
1221 464 1464 516 appellatam
1490 477 1575 506 esse
1600 467 1752 517 putant
1775 465 1904 516 Imm,
1914 465 1967 521 ⁷⁷)
2000 469 2209 512 Nerthum
2230 472 2368 512 sutem
2400 468 2583 510 mlum-1.

258 528 400 579 Vides,
430 543 549 582 quam
576 529 709 570 variae
736 543 857 581 quam
884 528 1152 581 discrepantes
1177 529 1398 571 nntentiae
1424 529 1507 570 sint
1532 529 1808 580 interpretum.
1864 529 1973 577 Quas
1998 535 2238 576 noem-atim
2249 533 2508 587 penei-utoni,
2522 535 2582 574 ut

256 596 328 634 aut
354 594 660 646 comprobentur
686 596 758 634 aut
784 593 1039 642 refellantur,
1071 592 1241 646 frigidae
1267 593 1471 635 cuiusdam
1497 596 1538 634 et
1564 594 1724 646 iniquae
1750 593 1981 647 diligentiae
2006 598 2087 646 est,
2121 610 2250 651 neque
2279 598 2340 640 iu
2365 598 2582 651 quidqu·

254 656 361 698 aliud
387 657 594 707 efficietur,
621 658 699 698 nisi
725 660 772 698 ut
798 657 1008 707 fateamur,
1036 656 1192 698 Lunam
1218 671 1292 699 nec
1318 656 1474 698 Nertho
1501 671 1576 699 nec
1600 657 1697 700 Isidi
1724 658 1945 710 comparari
1971 657 2160 712 possen)
2212 660 2302 703 Nee
2325 661 2481 704 mun·
2498 660 2582 703 viili

215 763 217 765 ,
252 721 499 773 persuadeas,
528 736 654 762 unum
681 722 861 774 idemque
888 722 1010 763 fuisse
1036 736 1197 773 numen,
1226 723 1332 775 quod
1357 723 1646 774 interpretatus
1671 723 1724 764 sit
1751 721 1895 763 Caesar
1920 722 2075 764 Lunam
2101 722 2262 766 Tuitu-
2286 725 2472 769 uarum.
2530 748 2533 751 ·
2568 760 2571 763 1

445 806 497 849 Id
524 809 684 862 quidem
711 812 863 850 eertum
889 823 974 851 esse
1000 809 1193 859 videatur,
1221 808 1429 850 Gaesarem
1498 808 1507 817 “
1601 808 1891 861 interpretandi
1916 809 2111 850 rationem
2137 812 2316 851 secutum
2343 824 2439 861 esse,
2459 825 2579 865 quam

252 871 451 922 Tacitum,
490 886 614 926 quum
646 875 714 915 ille
747 887 866 915 seusu
898 874 966 915 hie
990 877 1125 915 mente
1152 874 1315 914 deorum
1341 876 1527 914 naturam
1650 874 1845 927 'piendam
1872 875 1998 926 putet.
2055 872 2198 914 Caesar
2225 873 2331 915 enim
2358 874 2453 927 quia
2477 873 2580 916 Ger-

250 950 391 978 manos
418 938 517 979 dicit
542 938 706 979 deorum
733 953 900 980 numero
926 951 993 979 eos
1020 939 1123 979 solos
1149 939 1308 988 ducere,
1337 952 1435 991 quos
1468 942 1706 988 cernant,
1742 938 1948 1001 physicam
1974 939 2173 991 quandam
2198 939 2395 980 rationem·
2421 943 2579 981 secutus

250 1015 409 1043 omnem
436 1016 523 1043 rem
551 1003 727 1044 divinam
754 1005 797 1045 in
824 1007 972 1044 natura
997 1004 1115 1044 sitam
1142 1017 1227 1045 esse
1253 1006 1407 1052 censet3
1453 1002 1612 1044 Tacitus
1646 1005 1800 1052 autem,
1843 1003 1912 1056 qui
1939 1004 2106 1045 maiores
2131 1006 2311 1054 nostros,
2354 1017 2478 1057 quum
2503 1006 2579 1046 nec

248 1067 432 1108 cohibere
467 1068 688 1120 parietibus
724 1068 817 1108 deos
849 1082 978 1121 neque
1004 1069 1048 1109 in
1074 1069 1197 1108 ullam
1224 1068 1389 1109 humani
1415 1068 1495 1107 oris
1521 1067 1692 1119 speciem
1718 1067 1948 1109 assimulare
1973 1082 2022 1109 ex
2048 1069 2323 1123 magnitudine
2350 1067 2577 1110 coelestium

248 1132 434 1172 arbitrati
475 1133 576 1181 sint,
624 1133 788 1173 deorum
828 1133 1053 1173 nominibus
1092 1133 1311 1185 appellaaee
1350 1134 1469 1185 putat
1508 1134 1743 1171 secretum
1782 1132 1917 1172 illud
1957 1133 2094 1186 quod
2129 1133 2240 1174 sola
2273 1132 2579 1175 reverentia

248 1196 505 1246 viderint,
544 1197 870 1250 philosophorum
898 1196 1147 1250 quorundam
1173 1197 1369 1238 rationem
1396 1196 1592 1249 sequitur,
1631 1195 1775 1248 quibus
1802 1196 1970 1247 placuit,
2009 1197 2051 1237 in
2083 1196 2178 1238 visis
2203 1196 2306 1239 nihil
2333 1197 2576 1239 amineam

245 1261 374 1302 menti
407 1261 525 1312 obici,
568 1263 637 1303 sed
674 1274 775 1314 quae
802 1262 956 1303 obiecta
981 1255 1178 1315 putantur
1204 1261 1309 1310 visa,
1351 1261 1450 1305 sola„
1470 1261 1710 1315 cogitatione
1738 1262 1944 1303 contineri.
1952 1259 2004 1314 ¹¹⁶)
2058 1261 2181 1303 Recte
2207 1260 2398 1304 Hessius:
2447 1261 2577 1303 »Deos

245 1327 347 1368 tales
374 1327 546 1379 quidem,
566 1327 702 1379 quales
730 1327 888 1368 fabulae
915 1327 1140 1376 tradebant,
1159 1326 1290 1367 nullos
1316 1340 1400 1367 esee
1427 1326 1570 1367 statuit
1587 1326 1768 1375 Tacitum
1788 1340 1912 1379 quare
1937 1330 1984 1368 ut
2010 1340 2198 1379 personas
2224 1327 2385 1380 quidem
2411 1327 2574 1368 deorum

245 1393 376 1432 certas
402 1394 444 1432 et
469 1391 606 1432 finitas
631 1404 714 1431 non
742 1405 825 1432 esse
853 1391 1035 1441 credidit,
1073 1391 1132 1432 ita
1159 1390 1338 1431 divinum
1374 1394 1510 1432 tamen
1542 1404 1626 1432 esse
1656 1391 1806 1444 aliquid
1836 1405 1919 1432 non
1951 1394 2090 1445 negat,
2137 1391 2247 1432 cuius
2282 1392 2344 1434 vis
2379 1392 2501 1434 etiam
2531 1392 2575 1432 in

244 1455 430 1496 humanis
456 1457 583 1496 rebus
602 1459 806 1504 cernatur3
841 1469 970 1508 neque
997 1455 1170 1495 multum
1197 1448 1447 1496 abhorruisse
1474 1469 1567 1496 eum
1593 1469 1619 1496 a
1644 1455 1886 1496 Judaeorum
1912 1456 2165 1508 persuasione
2191 1456 2438 1506 crediderim,
2476 1468 2575 1508 quos

242 1519 447 1573 praedicat
486 1523 621 1562 mente
653 1520 736 1561 sola
769 1534 972 1574 unumque
1003 1535 1154 1562 numen
1189 1520 1437 1575 intellegere,
1473 1523 1514 1561 et
1545 1520 1733 1574 profanos
1764 1519 1909 1561 habere
1942 1534 2024 1571 eos,
2068 1521 2136 1574 qui
2176 1522 2338 1563 deorum
2379 1521 2573 1576 imagines

242 1586 477 1626 mortalibus
503 1586 683 1626 materiis
708 1586 752 1625 in
781 1587 930 1637 species
957 1587 1164 1627 hominum
1191 1587 1404 1638 effingunt,
1442 1586 1610 1658 denique
1637 1598 1835 1625 summum
1861 1585 1960 1626 illud
1987 1588 2028 1626 et
2055 1588 2259 1626 aeternum
2285 1599 2414 1637 neque
2440 1585 2576 1626 imita-

243 1650 322 1691 bile
349 1664 434 1691 esse
460 1664 591 1703 neque
617 1650 876 1690 interiturum
905 1650 1016 1701 (hist.
1044 1650 1094 1700 V,
1125 1651 1189 1703 5);
1232 1649 1376 1690 similia
1403 1650 1509 1689 enim
1536 1649 1657 1689 etiam
1683 1648 1732 1689 de
1759 1648 1967 1689 Germanis
1999 1649 2138 1698 tradit,
2181 1663 2280 1702 quos
2316 1649 2374 1690 ait
2409 1648 2572 1690 deorum

241 1714 472 1755 nominibus
499 1715 701 1767 appellare
728 1718 924 1756 secretum
950 1715 1061 1765 illud,
1091 1714 1197 1768 quod
1225 1714 1309 1755 sola
1344 1697 1567 1755 reverentia
1602 1713 1756 1763 vident3
1797 1716 1844 1755 ut
1877 1716 2068 1768 appareat
2097 1713 2185 1767 ipsa
2216 1714 2379 1763 deorum
2410 1713 2573 1755 nomina

240 1779 380 1820 inania
411 1794 496 1821 esse
527 1780 655 1821 videri
687 1784 728 1820 et
759 1780 810 1820 ad
846 1780 969 1820 falsas
1002 1772 1165 1821 deorum
1200 1780 1348 1832 species
1374 1780 1594 1838 pertinere,
1629 1792 1767 1818 verum
1799 1781 1932 1818 autem
1968 1792 2092 1818 unum
2124 1778 2223 1819 illud
2258 1781 2453 1819 secretum
2488 1792 2571 1819 esse

243 1844 349 1897 quod
377 1845 462 1885 sola
489 1847 623 1885 mente
651 1859 699 1885 ac
724 1846 948 1885 reverentia
974 1845 1243 1898 intellegatur.
1300 1834 1410 1891 Quae
1435 1844 1634 1885 sententia
1660 1856 1899 1896 quamquam
1934 1856 2058 1895 prope
2085 1844 2267 1884 accedere
2293 1844 2419 1884 videri
2445 1843 2571 1896 possit

242 1908 294 1949 ad
319 1911 504 1950 nostrum
530 1909 651 1950 illud:
698 1919 837 1962 ,νεῦμα
860 1918 884 1954 o'
903 1918 999 1963 βιός,
1038 1908 1292 1950 vehementer
1334 1911 1468 1949 tamen
1510 1922 1534 1949 a
1575 1907 1790 1948 chxisfiana
1831 1907 2011 1949 doctrina
2050 1907 2267 1961 discrepat3
2312 1921 2406 1949 nam
2443 1921 2571 1961 neque

241 1974 419 2015 divinum
447 1974 547 2015 illud
573 1987 723 2014 numen
750 1987 960 2025 personam
988 1987 1072 2014 esse
1099 1987 1228 2025 neque
1254 1973 1415 2013 omnino
1442 1985 1526 2012 esse
1551 1972 1592 2012 id
1620 1972 1715 2012 alibi
1742 1973 1885 2012 statuit
1911 1973 1988 2012 nisi
2005 1973 2049 2012 ιιι
2065 1976 2199 2013 mente
2217 1970 2570 2024 hominumn—⁸.)

413 2174 454 2214 ”)
499 2172 768 2205 Mannhardt
789 2171 812 2204 1.
835 2182 863 2204 c.
886 2182 921 2213 p.
943 2171 1018 2204 302.
1064 2169 1132 2203 cfr.
1155 2169 1385 2203 Nunecher
1407 2169 1527 2211 Progr-
1550 2168 1675 2211 Gymn.
1698 2168 1863 2220 Mai-burg
1885 2169 1998 2212 (186⁴)
2020 2181 2054 2212 p.
2077 2168 2108 2201 8.

415 2232 457 2274 ¹⁶)
502 2231 570 2264 cfr.
594 2230 792 2265 Simrock
821 2230 844 2263 1.
867 2239 896 2263 c.
917 2240 952 2273 p.
976 2228 1040 2262 309
1063 2230 1099 2262 et
1122 2228 1196 2262 357.

416 2291 457 2332 ⁷⁹)
501 2290 644 2322 Waitz
667 2289 707 2321 D.
732 2288 774 2322 V.
798 2289 838 2321 G.
860 2289 884 2326 1,
907 2289 961 2327 46,
986 2289 1014 2321 1.
1060 2287 1281 2321 Secretum
1304 2286 1417 2319 illud
1438 2285 1530 2319 nihil
1552 2286 1647 2318 aliud
1669 2296 1740 2319 esse
1760 2288 1864 2329 putat
1886 2297 1991 2329 quam
2014 2287 2133 2320 lucos
2155 2296 2200 2320 ac
2221 2296 2406 2320 nemora.
2438 2287 2505 2320 Sed
2527 2287 2569 2319 ut

503 2348 590 2382 »luci
612 2360 653 2383 ac
673 2359 832 2382 nemora»
856 2347 1067 2391 respondent
1088 2346 1170 2386 diis,
1204 2357 1290 2388 quos
1317 2357 1386 2380 non
1416 2345 1580 2379 cohibent
1601 2345 1805 2388 parietibus,
1839 2346 1891 2380 ita
1914 2349 2102 2381 »secretum
2122 2346 2227 2385 illud,
2262 2346 2354 2388 quod
2376 2347 2449 2381 sola
2469 2356 2565 2380 reve-

501 2407 616 2442 rentia
638 2408 786 2446 vident‚‹
811 2406 1000 2450 opponitur
1020 2405 1215 2442 simulacris
1236 2405 1274 2438 in
1295 2404 1441 2438 humani
1462 2404 1531 2438 oris
1553 2404 1701 2448 speciem
1723 2405 1942 2438 assimulatis

413 2479 454 2520 ⁰⁶)
499 2478 636 2511 Haase
660 2478 703 2510 de
725 2477 760 2509 C.
783 2477 861 2509 Tac.
885 2487 918 2508 v.
940 2476 1012 2519 ing.
1034 2475 1153 2518 script.
1176 2485 1297 2507 comm.
1321 2485 1355 2517 p.
1373 2474 1498 2506 XXVII
1516 2485 1566 2516 sq.
1591 2474 1741 2508 Eandem
1765 2475 1837 2508 fere
1859 2475 2066 2508 sententiam
2089 2473 2312 2517 amplectitur
2334 2474 2565 2507 Planckius

497 2537 521 2570 l.
544 2547 573 2569 c.
596 2547 631 2579 p.
655 2535 711 2569 18:
748 2534 957 2578 ›Schwierig
979 2534 1025 2567 ist
1046 2544 1091 2572 es,
1114 2532 1252 2567 eoem-s
1275 2532 1412 2571 Worte,
1435 2544 1502 2565 nur
1524 2532 1582 2566 die
1604 2532 1726 2566 G6tter
1748 2534 1865 2577 gelten
1888 2534 1925 2567 in
1948 2532 2200 2571 Deutschland,
2233 2543 2339 2574 quos
2360 2523 2563 2572 cernunt,

499 2596 567 2629 mit
588 2595 668 2628 dem
691 2593 828 2627 Schluss
850 2602 988 2626 unseres
1009 2591 1168 2635 Kapitels
1190 2602 1231 2623 zu
1254 2591 1385 2625 reimen
1414 2591 1486 2623 und
1518 2591 1580 2623 das
1608 2592 1717 2633 quod
1746 2591 1837 2625 sola
1865 2591 2124 2626 reverentia
2150 2590 2306 2625 vident
2334 2590 2468 2625 scheiut
2496 2590 2565 2624 fiist

495 2652 744 2698 geflissentlich
764 2652 882 2696 jenem
907 2651 1047 2685 Urtheil
1069 2651 1128 2684 des
1150 2650 1272 2685 Caesar
1294 2651 1610 2695 entgeffeugesetzt·
1654 2649 1776 2684 Caesar
1804 2651 1939 2694 spricht
1966 2660 2058 2685 zvar
2085 2649 2176 2683 auch
2207 2649 2307 2683 nicht
2337 2659 2405 2683 von
2427 2649 2565 2684 Gtitter·

494 2714 649 2753 bildern,
680 2713 764 2747 aber
785 2712 925 2746 Tacitus
954 2712 1075 2746 deutet
1101 2711 1453 2754 unwidersprechlich
1482 2711 1561 2744 klar
1590 2721 1652 2750 an,
1682 2711 1760 2744 dass
1781 2711 1839 2746 die
1860 2711 2056 2746 Deutschen
2078 2710 2155 2744 eine
2176 2709 2324 2754 geistige
2342 2709 2565 2754 Vorstellung

496 2785 564 2808 von
587 2773 762 2817 geistigen
782 2772 930 2806 Gottern
951 2771 1076 2805 haben.
1099 2770 1168 2804 Das
1189 2770 1396 2805 unendliche
1407 2769 1535 2804 Wesen
1558 2770 1608 2803 sei
1629 2770 1687 2803 ein
1708 2770 1999 2809 anunafasoendes,
2022 2770 2083 2804 dns
2104 2779 2186 2803 man
2207 2768 2306 2803 nicht
2327 2769 2363 2802 in
2387 2768 2564 2803 endlicher

493 2833 630 2868 Gestalt
651 2831 801 2870 denken,
823 2830 923 2864 nicht
944 2830 981 2863 in
1003 2829 1254 2864 menschlicher
1274 2829 1377 2864 Form
1398 2828 1574 2868 abbssden,
1597 2829 1658 2862 das
1681 2839 1760 2863 man
1783 2840 1849 2864 nur
1871 2830 1910 2863 ιιι
1930 2829 2060 2863 seinem
2081 2827 2403 2872 gebeimninsvollen
2422 2827 2563 2863 Walten

493 2893 603 2927 durch
626 2893 683 2925 die
706 2891 871 2924 Andacht
893 2890 1009 2923 ahnen
1031 2890 1103 2923 und
1126 2890 1308 2924 verstehen
1329 2891 1434 2924 lerne.
1479 2890 1523 2924 So
1551 2889 1641 2923 hoch
1671 2889 1731 2921 das
1762 2889 1896 2932 magt,
1929 2899 1966 2922 so
1995 2888 2091 2923 kann
2119 2898 2200 2921 man
2230 2888 2317 2921 doch
2347 2888 2403 2921 die
2424 2888 2562 2922 Worte:

495 2952 665 2986 deorum
686 2949 936 2986 nominibus
959 2949 1189 2993 appellant
1210 2950 1420 2983 secretum
1444 2948 1581 2988 illud,
1613 2948 1721 2990 quod
1750 2949 1840 2982 sola
1870 2946 2115 2982 reverentia
2136 2946 2284 2981 vident
2311 2947 2416 2980 lmum
2438 2948 2562 2981 andere

493 3011 694 3053 verstehen;
717 3011 810 3044 denn
828 3010 922 3043 sola
945 3009 1189 3059 reverentia
1210 3009 1297 3041 wird
1320 3008 1409 3043 doch
1431 3009 1522 3043 bloss
1544 3008 1718 3042 bedeuten
1738 3007 1894 3041 konnen:
1917 3007 2007 3042 ohne
2028 3005 2428 3050 eonstigeVermittlung
2449 3006 2560 3040 durch

492 3070 642 3104 Priester
664 3070 736 3103 und
758 3070 869 3103 durch
891 3068 1028 3109 Bilder;
1064 3078 1099 3102 es
1121 3068 1168 3101 ist
1189 3068 1250 3101 das
1272 3068 1401 3102 Gefiihl
1423 3068 1483 3102 des
1505 3066 1764 3106 Unendlichen,
1796 3066 1856 3100 des
1876 3065 2156 3106 *Anerhabenem
2188 3076 2256 3100 was
2282 3065 2351 3100 der·
2372 3066 2560 3100 deutschen

492 3129 654 3172 Religion
681 3141 759 3163 zum
789 3129 930 3163 Grunde
958 3128 1061 3171 liegt,
1094 3128 1167 3161 und
1199 3128 1308 3161 dieses
1337 3127 1555 3165 Unendliche
1588 3126 1676 3160 vird
1703 3125 1912 3159 nicht-wie·
1927 3125 1985 3159 bei
2011 3125 2079 3159 den
2105 3125 2276 3161 Griechen
2306 3125 2378 3159 und
2408 3125 2561 3158 Romern

489 3186 696 3223 individuell
719 3188 924 3232 dax-gestent
945 3187 1018 3222 und
1039 3187 1205 3232 gedecht,
1240 3187 1387 3221 sondern
1415 3198 1450 3221 es
1480 3187 1526 3220 ist
1548 3184 1736 3229 eigentlich
1759 3184 1836 3218 eine
1858 3184 2124 3228 unpersonliehe
2140 3184 2329 3225 -Gotffiein
2362 3195 2398 3218 es
2426 3183 2474 3218 ist
2500 3183 2561 3218 das
