2845 3642
1344 149 1428 191 vn

231 277 443 323 Herculem
469 281 590 332 atque
616 279 1018 333 cundem'putabant,
1046 279 1115 331 qui
1141 277 1288 319 Sabina
1314 279 1453 332 lingua
1476 278 1694 319 vocabatur
1716 277 1923 320 Sancus.
1934 276 1984 331 ⁴⁸)
2014 278 2072 319 Ut
2090 277 2281 319 Hercules
2307 278 2366 330 ih
2383 277 2547 329 Sancus,

232 355 355 396 quum
380 344 528 388 multas
553 347 681 385 terras
707 344 833 384 victor
859 345 1110 395 pungi-aret,
1151 343 1366 394 pessimum
1396 356 1590 393 quemque
1622 343 1888 394 opprimebat,
1931 344 2054 384 bonos
2086 344 2130 383 ιιι
2157 344 2372 395 pristinum
2398 346 2548 384 statum

232 408 478 458 restituebat,
498 409 580 450 vim
606 411 726 461 afflue
750 407 939 450 iniuriam
966 406 1235 460 propulsabat,
1259 406 1367 460 leges
1392 406 1518 459 atque
1536 406 1805 448 institutiones
1831 408 2023 449 servabat.
2054 407 2239 450 Ceterum
2265 407 2416 450 Sanam
2442 407 2548 450 idem

231 473 313 515 fuit
338 473 453 524 deus,
488 473 558 526 qui
583 473 709 514 latina
734 472 873 525 lingua
898 471 1114 512 vocabatur
1140 470 1258 511 Dius
1285 471 1480 521 Fidius,
1521 474 1642 524 atque
1667 473 1714 512 ut
1740 471 1877 512 Sabini
1903 486 1974 524 per
2000 472 2169 514 Sancum
2195 474 2253 514 ita
2279 474 2449 515 Romani
2475 483 2548 526 per

230 537 355 580 Dium
380 539 536 581 Fidium
563 538 626 578 vel
652 550 724 589 per
751 536 963 577 Herculem
989 536 1190 576 iurabant.
1244 536 1457 577 Herculem
1483 536 1607 589 igitur
1633 536 1803 576 Romani
1838 550 1960 589 quum
1994 538 2275 590 antiquissimis
2301 539 2548 591 temporibus

231 617 429 651 summum
455 602 633 644 venerafi
658 601 742 642 sint
768 601 897 650 deum,
925 601 1087 642 minime
1113 601 1277 642 dubium
1303 602 1494 651 videatur,
1524 602 1622 654 quin
1647 601 1738 642 Jovi
1765 615 1902 654 parem
1928 602 2140 654 posuerint.
2180 602 2238 644 Ut
2262 607 2426 653 tacent,
2453 602 2548 645 Jovi

233 677 452 722 cognomen
477 665 598 710 fuisse
625 664 753 708 Sanco
752 663 818 718 ,⁴⁷)
844 664 1036 707 Hercules
1061 665 1275 716 Romanus,
1304 666 1373 719 qui
1399 680 1424 707 a
1450 665 1693 708 Samnitibus
1714 666 1967 707 Hereclus
1993 666 2075 707 sive
2092 666 2292 708 Herclus
2319 669 2546 718 vocabatur,

233 732 443 784 exaequari
483 734 615 784 potest
660 740 724 775 Διὶ
751 729 936 787 ιςηίᾳ48)
1003 731 1189 771 Hercei
1230 731 1341 771 Jovis
1381 745 1546 780 nomen,
1588 732 1694 783 quod
1729 732 1932 771 invenitur
1967 731 2072 783 apud
2104 732 2287 772 Paullum
2313 733 2545 782 Diaconum,

234 797 455 842 ducendum
482 809 566 836 esse
593 798 739 848 putant
765 796 817 836 ab
842 796 1007 847 antiquo
1035 797 1155 836 verbo
1181 794 1489 847 hercendi⁴⁹)
1523 810 1570 836 ac
1604 810 1726 847 quum
1760 796 2041 837 ›heretum‹
2079 796 2181 836 idem
2214 798 2406 849 significet
2441 798 2548 850 quod

235 858 585 916 patrimonium,“)
602 859 778 902 Herceus
796 860 878 901 sive
894 859 1063 902 Herclus
1080 860 1262 902 tutelaris
1280 860 1375 902 deus
1393 862 1455 902 est
1475 859 1535 901 rei
1560 859 1776 901 familiaris.
1804 859 1890 902 Nec
1916 860 2048 901 minus
2073 859 2230 901 firmum
2255 866 2547 916 argumentum,

233 925 398 975 Herculi
423 924 603 966 Romano
630 926 795 967 eandem
821 925 942 968 fuisse
969 928 1154 965 naturam
1190 939 1310 978 quam
1336 925 1450 973 Jovi,
1491 925 1583 965 inde
1616 926 1873 977 repetendum
1910 928 1993 975 est,
2030 926 2134 976 quod
2168 926 2262 965 deus
2301 934 2549 977 πλουτοδότης

234 990 450 1043 putabatur
477 990 636 1031 divitias
661 990 816 1044 largiri.
820 988 868 1042 ⁵¹)
898 989 1071 1031 Victoris
1098 993 1264 1042 uterque
1292 990 1526 1043 cognomine
1552 990 1738 1031 utebatur
1765 1004 1811 1031 ac
1837 990 2021 1052 Herculis
2048 992 2203 1030 statuae
2230 991 2272 1030 in
2299 991 2385 1031 foro
2411 992 2548 1032 boario

234 1055 491 1107 imperatores
518 1055 764 1107 triumphum
792 1057 954 1108 agentes
981 1055 1306 1107 paludamentum
1333 1055 1638 1095 circumdabant.
1648 1053 1701 1106 ⁸²)

419 1118 569 1160 Victor
602 1119 668 1161 ille
703 1120 799 1160 deus
834 1120 955 1161 fuisse
988 1120 1184 1170 videatur,
1227 1133 1345 1173 quem
1371 1118 1559 1161 Germani
1589 1119 1633 1160 in
1664 1119 1814 1172 proelia
1845 1119 1942 1160 ituri
1975 1119 2148 1172 primum
2174 1121 2347 1161 omnium
2374 1121 2551 1161 virorum

237 1178 401 1225 fortium
428 1177 612 1225 cecinisse
640 1185 837 1226 dicuntur.
850 1183 897 1238 ⁵³)
926 1184 1030 1233 Quid
1056 1186 1121 1235 sit,
1151 1185 1256 1238 quod
1282 1185 1540 1225 fortissimum
1565 1185 1678 1226 illum
1704 1185 1834 1225 virum
1861 1185 2124 1238 interpretari
2145 1198 2329 1239 cogamur
2355 1186 2550 1226 Irminum

236 1249 299 1290 vel
325 1250 446 1290 alium
474 1250 670 1302 quendam
698 1249 869 1299 heroem,
898 1250 1079 1302 equidem
1104 1263 1185 1290 non
1212 1250 1413 1303 intellego.
1454 1249 1559 1291 Nam
1586 1250 1651 1290 cui
1677 1251 1822 1290 mirum
1848 1264 1930 1291 esse
1957 1250 2111 1299 debeat,
2140 1251 2283 1291 deum
2308 1251 2371 1291 vel
2396 1265 2421 1291 a
2448 1249 2551 1291 Ger-

236 1313 364 1354 manis
400 1314 443 1354 ιιι
479 1315 630 1367 proelia
666 1315 781 1356 ituris
817 1315 1042 1355 invocatum
1076 1328 1159 1355 esse
1195 1314 1258 1354 vel
1286 1336 1337 1342 —
1366 1315 1408 1356 id
1443 1315 1547 1368 quod
1583 1315 1741 1355 maioris
1778 1315 1969 1355 momenti
2003 1317 2150 1367 putant
2184 1315 2417 1368 interpretes
2446 1338 2497 1344 —
2526 1329 2552 1356 a

236 1375 374 1436 Tacito
400 1383 672 1433 nuncupatum
698 1381 872 1433 primum
899 1380 1075 1420 omnium
1102 1380 1277 1421 virorum
1312 1380 1504 1422 fortium?
1549 1379 1722 1422 Heroem
1755 1380 1915 1433 quidem
1950 1382 2057 1421 recte
2091 1380 2320 1433 plerumque
2354 1381 2552 1434 iuterpre-

238 1432 378 1484 tantur
404 1444 549 1485 fortem
574 1446 715 1493 virum,
736 1445 804 1485 sed
831 1458 904 1484 nec
929 1445 1186 1485 fortissimum
1213 1458 1408 1497 quemque
1429 1446 1559 1485 virum
1584 1445 1785 1498 intelligas
1812 1458 1968 1485 necesse
1995 1448 2057 1485 est
2084 1445 2243 1485 heroem
2267 1448 2308 1485 et
2333 1459 2553 1498 cognomen

235 1496 335 1549 illud
369 1523 492 1562 aeque
528 1510 728 1562 pertinere
763 1512 860 1562 puto
897 1510 948 1549 ad
984 1510 1112 1550 deum.
1168 1509 1326 1549 Primus
1361 1510 1538 1550 omnium
1572 1510 1747 1550 virorum
1781 1509 1944 1550 fortium
1981 1510 2022 1550 id
2049 1512 2111 1550 est
2138 1510 2201 1549 vel
2228 1509 2462 1550 fortissimus
2488 1511 2553 1550 vel

237 1573 419 1627 princeps
451 1574 614 1615 fortium
649 1574 824 1616 virorum
860 1577 966 1615 recte
999 1574 1143 1615 dicitur
1178 1574 1290 1623 deus,
1329 1588 1445 1627 quem
1480 1574 1717 1616 fortisfflmm
1752 1574 1916 1628 quisque
1950 1575 2061 1615 velut
2086 1577 2243 1629 patrem
2268 1588 2313 1615 ac
2338 1577 2552 1627 patronum

239 1642 449 1679 veneratur
476 1653 550 1680 nec
576 1640 726 1680 viribus
753 1654 799 1680 ac
826 1640 974 1679 virtute
1001 1641 1258 1692 aequiparare
1285 1643 1428 1692 potest.
1484 1639 1571 1680 Nec
1597 1640 1760 1679 dubium
1787 1643 1868 1689 est,
1897 1639 1996 1692 quin
2022 1640 2193 1680 invictus
2219 1640 2285 1679 ille
2311 1640 2405 1680 deus
2431 1640 2567 1680 fuerit

237 1701 383 1753 Thor,
427 1718 545 1757 quem
581 1703 817 1746 Scandinavi
854 1704 1037 1745 dicebant
1077 1705 1325 1758 asabragr
1366 1704 1447 1745 sive
1481 1705 1701 1758 principem
1736 1704 1910 1745 deorum.
1924 1703 1972 1757 ⁸⁴)
2027 1704 2065 1745 A
2102 1704 2306 1746 Germanis
2341 1705 2553 1746 vocabatur

239 1765 410 1808 Donar.

431 1833 538 1874 'Phor
565 1834 646 1875 sive
674 1834 810 1874 Donar
838 1837 923 1874 erat
950 1834 1202 1883 fulminator,
1242 1835 1310 1886 qui
1345 1838 1581 1888 tempestate
1618 1849 1706 1875 cum
1739 1835 1896 1888 fragore
1923 1835 2217 1887 tonitribusque
2245 1838 2376 1876 coorta
2401 1835 2554 1876 coelum

241 1899 283 1938 et
310 1899 458 1938 terram
486 1898 709 1950 quatiebat,
753 1898 821 1950 qui
858 1912 978 1938 verno
1013 1900 1191 1950 tempore
1222 1899 1473 1952 »gigantibus
1499 1898 1700 1940 hibernis<
1722 1899 1865 1940 occisis
1891 1899 2064 1940 maximo
2091 1899 2210 1940 imbri
2235 1899 2342 1953 agris
2368 1899 2555 1940 reddebat

241 1961 535 2002 fecunditatem.
571 1961 704 2014 Atque
731 1975 853 2015 quum
880 1962 1031 2002 fulmen
1058 1965 1160 2003 esset
1186 1962 1362 2012 rubrum,
1381 1963 1643 2004 rubicundum
1670 1976 1714 2003 os
1742 1963 1814 2004 deo
1845 1977 1928 2003 esse
1957 1963 2169 2016 putabant,
2189 1963 2352 2003 rutilum
2369 1963 2555 2015 capillum

241 2027 406 2067 barbam
439 2027 621 2075 rutilam,
659 2027 779 2067 rubra
813 2027 971 2067 flamma
1005 2028 1042 2067 ei
1078 2031 1164 2068 erat
1196 2042 1321 2068 sacra.
1377 2028 1504 2075 Quem
1531 2026 1765 2069 Scandinavi
1793 2028 2092 2068 fulminatorem
2118 2028 2425 2075 venerabantur,
2453 2027 2555 2068 Ger-

239 2092 349 2131 mani
383 2091 582 2135 habebant
616 2105 690 2143 pro
723 2092 828 2144 ignis
862 2093 946 2132 deo.
960 2090 1009 2144 ⁵⁵)
1065 2092 1157 2132 Non
1192 2094 1362 2133 multum
1388 2093 1513 2146 igitur
1539 2093 1675 2133 abesse
1701 2092 1883 2133 videatur
1909 2107 1934 2133 a
1960 2096 2105 2133 natura
2133 2092 2257 2141 Lokii,
2297 2106 2412 2145 quem
2438 2106 2555 2134 exae-

243 2156 355 2210 quari
388 2170 508 2208 supra
542 2155 712 2197 diximus
743 2155 934 2198 Vulcano.
989 2156 1138 2198 Lokius
1173 2160 1307 2199 autem
1342 2158 1528 2199 societate
1561 2157 1731 2211 quadam
1757 2160 1877 2212 atque
1904 2157 2081 2199 amicitia
2107 2157 2442 2199 coniunctissimus
2466 2160 2557 2200 erat

240 2222 417 2262 Hoeniro
444 2222 525 2262 sive
552 2221 644 2271 Soli,
655 2220 704 2275 ³⁸)
732 2225 778 2262 ut
805 2221 1007 2263 Vulcanus
1035 2222 1231 2274 Apollini,
1267 2222 1456 2264 Hercules
1482 2222 1685 2264 Romanus
1711 2223 1815 2264 Jovi.
1872 2223 1932 2264 Ac
1958 2224 2182 2264 nominibus
2208 2223 2371 2264 mutatis
2396 2224 2556 2265 eaedem

240 2287 325 2328 fere
352 2289 571 2327 narruntur
597 2287 755 2328 fabulae
783 2287 832 2328 de
858 2287 982 2328 Lokio
1009 2290 1051 2328 et
1077 2287 1228 2337 Thoro,
1257 2289 1306 2329 de
1332 2287 1512 2329 Vulcano
1543 2291 1585 2329 et
1610 2287 1793 2329 Hercule.

435 2352 489 2392 Et
516 2352 641 2392 Lokio
668 2356 710 2392 et
736 2353 870 2393 Thero
896 2354 1061 2393 eandem
1087 2354 1170 2393 fere
1197 2354 1278 2393 vim
1305 2367 1352 2394 ac
1384 2357 1569 2393 naturam
1604 2354 1730 2394 inesse
1765 2354 1979 2406 putabant,
2021 2367 2138 2405 quam
2174 2353 2316 2393 habere
2348 2354 2557 2395 videbatur

243 2417 372 2458 Persis
400 2416 520 2471 Agni,
549 2417 758 2471 Aegyptiis
785 2416 993 2471 Phtah.³‘')
1020 2418 1260 2471 Memphites
1287 2419 1445 2471 quidem
1471 2418 1606 2460 Phtah
1632 2418 1714 2460 sive
1741 2418 1881 2472 Ignem
1909 2418 2195 2459 venerabantur
2221 2418 2396 2459 omnium
2424 2433 2558 2461 rerum

434 2556 477 2597 6·)
520 2554 654 2588 Varro
676 2555 699 2587 l.
722 2554 759 2586 L.
781 2555 823 2593 V,
846 2555 898 2587 66.
942 2554 1049 2587 Fest.
1072 2567 1106 2597 p.
1129 2556 1203 2588 229.
1247 2556 1317 2589 cfr.
1338 2557 1527 2599 Hartung
1558 2557 1632 2589 Rel.
1657 2557 1689 2589 d.
1714 2557 1839 2589 Romer
1862 2556 1897 2594 11,
1921 2556 1960 2588 21
1985 2567 2034 2596 sq.
2079 2556 2324 2597 Schwegler
2347 2556 2387 2589 G.
2412 2557 2445 2589 d.
2469 2557 2510 2589 R.
2535 2558 2556 2595 l,

522 2609 586 2643 364
650 2619 684 2651 q.

436 2663 479 2704 ⁴⁷)
523 2620 738 2695 Aufsrqecht
760 2672 792 2693 u.
815 2661 1055 2694 Kirchhoff
1070 2662 1188 2694 Umbr.
1213 2662 1482 2704 Sprachdenkm.
1506 2664 1541 2700 u.
1568 2663 1638 2695 189.

436 2716 479 2759 ⁴⁸)
523 2714 744 2750 Mommsen
766 2712 943 2748 unterital.
967 2712 1056 2748 Dial.
1079 2725 1114 2758 p.
1136 2714 1210 2749 262.

438 2770 481 2813 ⁴⁹)
524 2769 719 2811 Hartung
746 2769 769 2801 1.
791 2779 819 2801 c.
842 2768 879 2807 u,
901 2768 955 2800 49.

440 2825 481 2865 ⁸⁰)
525 2823 645 2856 Serv.
668 2822 752 2856 Aen.
774 2820 858 2860 Vlll,
881 2821 955 2854 642.
1000 2821 1087 2855 Gell.
1110 2833 1144 2854 ιι.
1168 2823 1209 2854 A.
1232 2822 1254 2860 l,
1277 2822 1306 2860 9,
1332 2822 1382 2855 12.
1427 2821 1537 2855 Paul.
1561 2820 1599 2853 D.
1622 2833 1656 2863 p.
1680 2820 1738 2862 82;
1764 2822 1838 2855 101.

441 2877 481 2919 ¹¹)
526 2875 593 2910 Cfr.
618 2876 709 2909 Hor.
732 2875 794 2908 sat.
816 2874 853 2913 ll,
876 2874 906 2913 6,
933 2875 975 2908 10
996 2885 1046 2917 sq.
1090 2874 1196 2908 Pers.
1219 2876 1282 2908 sat.
1305 2874 1341 2914 11,
1365 2876 1405 2908 11
1427 2886 1476 2917 sq.

444 2930 483 2972 ⁸²)
528 2929 704 2963 Macrob.
726 2929 776 2967 ul,
798 2928 829 2967 6,
853 2929 904 2961 10.
948 2927 1064 2961 Serv.
1087 2929 1172 2961 Aen.
1194 2927 1277 2966 Vlss,
1300 2928 1373 2968 363.

444 2984 484 3027 ⁸⁸)
527 2983 607 3018 Tac.
629 2983 742 3018 Germ.
765 2983 796 3016 3.

441 3038 481 3079 ⁵⁴)
525 3037 654 3078 Edda,
677 3037 866 3070 Skirnisffir
889 3037 941 3069 33.
985 3035 1052 3070 cfr.
1076 3036 1268 3070 Simrock
1295 3036 1318 3069 l.
1340 3047 1369 3070 c.
1390 3048 1425 3080 p.
1448 3036 1520 3069 226.

443 3091 483 3133 “)
528 3090 729 3126 Simroelr
752 3091 776 3125 1.
798 3102 826 3126 c.
848 3103 883 3135 p.
905 3091 978 3124 240.

444 3146 485 3187 ⁸⁸)
531 3144 780 3185 Weinhold‚
802 3146 860 3180 die
882 3145 994 3189 Sagen
1016 3155 1084 3180 von
1106 3143 1193 3179 Loki
1215 3144 1253 3179 in
1274 3144 1408 3188 Haupt·
1430 3144 1591 3179 Zeitschr.
1614 3143 1682 3184 Vll,
1705 3144 1755 3177 25.

442 3200 482 3242 ⁵⁷)
526 3198 764 3234 Weinhold
787 3200 810 3234 l.
833 3211 861 3234 c.
884 3212 917 3244 p.
940 3200 970 3233 9.
