2845 3642
1358 178 1421 220 VI

217 307 286 349 ille
318 307 475 361 virgam
516 304 716 358 (wunsch,
752 307 1077 361 wunskiligerda)
1118 310 1281 361 gestans
1317 309 1442 350 bonos
1477 308 1661 350 omnibus
1693 308 1864 350 ornabat
1890 305 2144 360 -fortunis.›⁸.⁸·)
2198 305 2346 349 Omnes
2380 305 2550 360 deniqae

211 375 327 413 ,artes
353 371 550 411 invenisse
576 372 783 411 dicebatur
808 376 851 411 et
878 372 1174 412 wama-201:
1198 372 1440 420 Mercurium
1467 375 1654 423 ‚uterque
1682 375 1862 415 »secreta
1892 372 2182 415 lieet-mmai.
2211 385 2246 413 e.
2278 370 2550 415 scribendiqol:

218 437 378 490 legendi
404 438 532 477 artem
558 435 738 476 homines
767 436 933 477 docebat
958 438 1001 477 et
1025 435 1205 477 ale-nm
1239 436 1322 478 siva
1354 437 1527 478 talorum
1559 436 1707 479 Imm»
1725 435 1974 481 mutinam.
1985 434 2035 490 ⁸⁸)
2091 436 2152 482 Ex
2184 436 2254 486 iis,
2294 448 2396 490 quae
2427 448 2550 489 sum

218 500 404 554 exposui,
433 499 530 541 satis
557 499 739 553 intellegi
767 513 883 552 posse
910 500 1107 549 videatur,
1138 499 1342 541 Wuotano
1370 501 1535 542 eandem
1563 499 1684 543 fuisso
1709 499 1896 553 figmm
1908 514 1969 544 ac
1981 504 2167 545 mmmm
2192 513 2314 555 quam
2339 500 2549 543 Mercurio.

216 564 267 607 ld
293 577 418 605 unum
443 563 568 650 addo,
607 564 715 616 quod
751 578 872 616 quem
896 564 1067 605 Romani
1094 564 1281 606 Mercurii
1317 566 1486 606 eundem
1513 564 1703 606 Germani
1730 564 1925 607 Wuouni
1959 565 2066 608 diem
2096 566 2243 611 festum
2273 566 2487 609 habebant-
2503 579 2552 608 ac

216 629 483 670 celebrabant.
515 629 546 679 ⁴)

411 709 450 750 b.
508 708 642 749 Mars
670 708 845 750 dubitaui
872 722 954 750 non
981 712 1115 762 potest
1142 710 1239 763 quin
1256 708 1547 751 Germanorum
1574 709 1671 750 deus
1696 707 1819 750 fuerit
1835 707 1954 762 Tyr,
1982 709 2052 762 qui
2073 720 2099 750 a
2114 708 2255 752 Suebis
2272 668 2552 752 nominabatur

218 775 302 815 zio
330 788 362 815 s.
391 774 498 823 Ziu,
528 788 553 815 a
581 774 690 815 Boiis
718 774 783 815 Er
802 774 948 827 (heru),
978 788 1002 816 a
1020 774 1243 817 Saxonibus
1269 775 1479 816 Saxneat
1506 788 1538 815 s.
1557 773 1761 815 Saxnot.
1773 772 1824 826 ⁸⁸)
1852 773 1954 814 Boni
1980 774 2098 823 deus,
2117 775 2202 826 qui
2202 776 2375 827 puelia
2387 775 2552 829 regebat

217 853 267 880 ac
292 838 644 891 moderabatur,³⁸)
668 853 889 892 cognomen
915 840 1091 879 habebat
1109 839 1309 893 Vigagud.
1339 840 1424 880 Nec
1451 840 1596 879 mirum
1623 839 1729 891 quod
1756 832 2072 880 bellicosissimae
2097 837 2389 880 Germanorm
2415 843 2555 893 gentes

217 919 312 945 eum
339 906 512 945 maxime
540 905 734 945 colebant.
765 904 1035 945 Hermunduri
1063 905 1185 946 Marti
1213 919 1260 946 ac
1286 905 1482 946 Mercurio
1509 904 1633 945 aciem
1660 905 1930 952 sacraverunt,
1940 897 1992 956 ⁸¹¹)
2019 901 2213 952 Tencteri,
2242 915 2366 956 quum
2387 902 2556 946 Batavis

217 967 269 1009 de
295 967 571 1008 Romanorum
598 968 767 1021 imperio
795 981 959 1009 excusso
988 970 1307 1023 gratularentur,
1343 970 1618 1010 communibus
1649 969 1724 1009 diis
1760 971 1801 1009 et
1833 968 2046 1021 praecipuo
2081 968 2244 1008 deorum
2270 967 2395 1009 Marti
2421 971 2556 1022 grates

217 1036 401 1087 egerunt.
413 1031 465 1085 ⁸⁸)
522 1033 639 1080 Quod
674 1033 847 1074 Martem
883 1034 1046 1075 Tacitus
1081 1035 1176 1094 dicit
1212 1035 1432 1075 Germanos
1469 1035 1661 1075 concessis
1693 1034 1931 1074 animalibus
1964 1033 2195 1085 placavisse,
2237 1046 2319 1073 non
2354 1032 2558 1085 improbat

217 1097 456 1145 Jornandes,
487 1098 607 1149 qui>
587 1097 766 1138 >Gothos
794 1112 949 1151 semper
976 1092 1195 1152 asperrima
1221 1100 1340 1139 deum
1367 1100 1582 1151 placavisse
1615 1099 1795 1139 cultura«
1823 1099 1970 1150 prodit.
1980 1096 2031 1150 ⁸⁸)
2085 1097 2240 1139 Victori
2266 1098 2340 1138 deo
2367 1096 2558 1139 Germani

218 1163 506 1215 antiquissimis
533 1163 780 1215 temporibus
809 1164 943 1205 hostes
970 1167 1128 1217 captos,
1171 1168 1262 1217 post
1294 1164 1481 1205 animalia
1512 1178 1559 1205 ac
1595 1163 1766 1204 maxime
1797 1171 1923 1216 equos
1951 1163 2193 1204 mactabant.
2205 1161 2256 1216 ⁸⁸)
2310 1162 2439 1204 Taciti
2465 1176 2557 1204 sen-

220 1229 392 1270 tentiam
419 1229 718 1281 amplectuntur
744 1229 961 1282 Procopius
988 1232 1030 1270 et
1056 1230 1126 1270 alii
1153 1243 1286 1270 rerum
1314 1218 1536 1280 scriptores.
1546 1226 1597 1280 ⁸¹)
1649 1227 1727 1268 Dei
1764 1228 1923 1281 signum
1959 1230 2050 1268 erat
2084 1228 2239 1281 gladius
2271 1226 2401 1280 (eor),
2438 1240 2557 1281 quem

221 1294 385 1342 nudum,
416 1297 463 1333 ut
491 1294 549 1333 ait
568 1293 803 1333 Ammianus
831 1294 1096 1343 Marcellinus,
1126 1294 1332 1335 barbarico
1359 1295 1442 1334 ritu
1469 1294 1581 1334 humi
1608 1293 1733 1333 fixum
1760 1296 1807 1333 ut
1829 1292 2002 1333 Martem
2029 1293 2238 1346 regionum
2263 1306 2365 1345 quas
2390 1293 2558 1334 circum-

220 1358 375 1399 circant
403 1358 627 1410 praesulem
656 1358 776 1399 Alani
804 1362 845 1399 et
873 1358 1003 1406 Quadi
1029 1359 1289 1400 verecundius
1316 1359 1512 1400 colebant.
1524 1357 1575 1411 ⁴⁸)
1605 1380 1656 1387 —
1686 1356 1840 1398 Fanum
1872 1356 2015 1398 Martis
2051 1357 2135 1398 sive
2167 1357 2328 1398 Famars
2361 1358 2558 1411 interpre-

221 1426 363 1463 tantur
390 1422 655 1476 Dispargum,
695 1424 838 1465 Martis
866 1425 996 1465 lacum
1023 1424 1264 1473 Dinslaken,
1277 1424 1328 1477 ⁸³)
1366 1428 1487 1476 atque
1515 1427 1562 1465 ut
1589 1423 1775 1465 Mercurii
1804 1423 1887 1464 dies
1914 1425 1976 1464 est
2001 1421 2293 1478 -Wuotanstag,
2331 1424 2389 1464 ita
2416 1422 2559 1465 Martis

221 1487 306 1527 dies
341 1486 541 1540 Tysdagr,
585 1501 704 1539 quem
738 1488 954 1529 Alamanni
991 1493 1135 1529 vocant
1169 1489 1306 1542 Zistag
1343 1502 1374 1529 s.
1408 1489 1557 1542 Ziestig
1591 1486 1896 1542 (Dienstag),⁴⁸)
1919 1487 2078 1528 -Bavari
2114 1487 2241 1541 Ertag
2275 1489 2302 1528 i.
2331 1501 2364 1528 e.
2393 1488 2557 1542 Eoi-hg,

222 1551 338 1605 Irtag
366 1565 397 1591 s.
428 1551 543 1605 Irfig.

420 1646 453 1672 c.
509 1632 761 1674 Herculem
789 1634 907 1674 deum
935 1634 1229 1675 venerabantur
1254 1633 1347 1675 Indi
1374 1637 1416 1675 et
1443 1633 1607 1683 Persae,
1645 1633 1736 1687 Syri
1769 1637 1811 1674 et
1846 1632 2084 1683 Phoenicen,
2123 1633 2264 1676 Graeci
2300 1637 2341 1675 et
2376 1632 2559 1675 Romani.

224 1696 286 1739 Ac
312 1697 533 1738 Phoenices
562 1698 723 1751 quidem
750 1698 908 1739 Movers
918 1696 969 1751 ⁸⁸)
1006 1698 1235 1740 certissimis
1263 1699 1474 1740 confirmat
1500 1698 1747 1752 argumentis
1776 1697 1908 1748 Baal,
1947 1699 2010 1740 cui
2047 1710 2266 1753 cognomen
2302 1698 2424 1740 fuerit
2450 1698 2562 1740 Mel·
2609 1702 2612 1703 ⁷

225 1765 359 1811 cart,
389 1763 608 1803 maximum
636 1764 802 1804 coluisse
829 1764 958 1804 deum.
988 1763 1087 1805 Baal
1116 1767 1250 1805 autem
1278 1766 1365 1805 erat
1383 1763 1462 1814 Sol,
1491 1767 1538 1805 ut
1556 1764 1817 1805 Baalbeck
1844 1765 1939 1804 urbs
1966 1778 1991 1805 a
2010 1764 2171 1805 Graecis
2198 1777 2342 1805 nomen
2369 1764 2564 1818 acciperet

224 1836 445 1872 Ἧλιόκολιν.
502 1827 585 1869 Nec
618 1831 753 1869 tamen
792 1837 868 1873 ἰἨλ
854 1851 895 1882 φ
931 1829 1000 1870 sed
1035 1837 1198 1888 Ἠρακλετ
1240 1829 1377 1870 eadem
1404 1829 1464 1870 vis
1491 1843 1540 1870 ac
1565 1831 1711 1870 natura
1738 1829 1858 1870 fuisse
1885 1829 2079 1879 videatur,
2109 1841 2210 1882 quae
2235 1828 2478 1870 Phoenicum
2505 1829 2565 1869 illi

226 1891 313 1932 deo.
371 1891 563 1933 Hercules
590 1894 714 1942 enim,
745 1894 814 1946 qui
842 1894 1047 1935 duodecim
1074 1895 1163 1935 illos
1190 1895 1344 1935 labores
1371 1895 1499 1943 subit,
1529 1908 1601 1934 suo
1628 1895 1715 1934 iure
1743 1885 1997 1947 comparatur
2024 1908 2114 1934 cum
2139 1894 2242 1943 sole,
2271 1895 2340 1946 qui
2367 1907 2438 1946 per
2464 1894 2562 1934 duo-

225 1956 352 1997 decim
381 1957 528 1997 zodiaci
558 1958 673 2011 signa
701 1962 895 1998 movetur.
926 1959 1040 2006 Quod
1061 1959 1201 2000 Graeci
1220 1960 1283 1999 dei
1311 1960 1538 2011 opinionem
1565 1962 1612 1998 ut
1640 1959 1697 1998 ita
1725 1958 1854 1999 dicam
1882 1972 1930 1998 ex
1958 1959 2124 2011 physica
2150 1959 2306 1999 ratione
2332 1960 2563 2010 conceptam

226 2035 307 2061 non
335 2022 593 2070 retinuerint,
632 2036 713 2062 non
741 2023 878 2076 magni
907 2038 990 2064 esse
1017 2026 1117 2076 puto
1153 2024 1364 2072 momenti,
1404 2038 1527 2077 quum
1559 2038 1625 2065 eos
1663 2023 1841 2064 omnium
1876 2023 1959 2065 fere
1996 2023 2160 2064 deorum
2194 2023 2376 2064 notiones
2410 2024 2565 2064 constet

219 2088 410 2127 mutasse.
467 2085 550 2127 Soli
577 2086 720 2128 Boeoti
748 2087 959 2129 Herculem
988 2101 1143 2141 semper
1171 2089 1464 2130 venerabantur
1491 2088 1597 2142 ignis
1624 2088 1760 2136 deum3
1795 2087 1917 2129 ceteri
1944 2086 2085 2129 Graeci
2112 2090 2232 2141 atque
2259 2087 2454 2141 imprimis
2480 2085 2565 2128 Do-

221 2151 391 2201 rienses,
429 2164 553 2204 quum
581 2150 712 2194 Solem
739 2153 850 2206 prius
883 2159 1011 2198 Ἥλιον
1038 2154 1236 2209 posterius
1265 2152 1491 2206 Apollinem
1520 2155 1729 2202 vocarent,
1765 2152 1978 2193 Herculem
2014 2166 2095 2193 non
2123 2152 2241 2193 deum
2267 2151 2471 2193 habebant
2496 2153 2565 2193 sed

221 2216 406 2265 heroem,
450 2217 519 2269 qui
555 2218 672 2258 rebus
708 2211 1021 2270 praeclarissime
1059 2219 1181 2272 gestis
1219 2219 1262 2259 in
1290 2217 1506 2271 Olympum
1544 2221 1702 2259 evectus
1739 2219 1871 2259 nobile
1906 2218 2082 2258 omnium
2118 2219 2314 2259 virtutum
2341 2217 2565 2271 exemplum

223 2281 425 2322 edidisset.
482 2282 654 2323 Romani
680 2284 913 2343 priusquam
941 2283 1183 2329 Graecorum
1211 2284 1260 2325 de
1287 2284 1419 2324 herois
1446 2287 1593 2324 natura
1620 2284 1825 2336 opiniones
1862 2286 2178 2335 assumpserunt,
2221 2283 2340 2324 deum
2381 2282 2565 2324 colebant

423 2475 466 2517 ⁸⁸)
515 2453 705 2507 eimrossk
728 2475 751 2506 1.
775 2486 802 2507 ο.
827 2487 861 2517 p.
887 2476 959 2508 179.
1003 2476 1132 2518 nymn.
1155 2476 1192 2508 in
1214 2476 1331 2509 nem.
1355 2476 1429 2508 527.

422 2529 464 2571 ⁸⁸)
510 2527 674 2563 Grimm
698 2527 720 2561 l.
746 2539 774 2563 c.
798 2540 832 2572 p.
857 2529 938 2571 136;
963 2528 1040 2571 140;
1064 2529 1137 2564 958.
1185 2528 1376 2563 Simrock
1398 2527 1421 2561 1.
1445 2537 1473 2562 c.
1495 2539 1530 2572 p.
1556 2527 1633 2569 179;
1664 2528 1737 2562 211.

423 2584 464 2624 ⁸⁴)
509 2582 674 2615 Mercurii
698 2582 771 2616 dies
793 2583 903 2625 angls.
928 2583 1158 2625 Wednesday,
1181 2583 1402 2615 ndrdeutsch.
1426 2582 1601 2619 Wodem,
1625 2582 1808 2621 Guodens-‚
1832 2583 1998 2626 Gunstag.

424 2636 466 2677 ⁸⁸)
511 2635 670 2670 Grimm
694 2635 717 2668 1.
740 2647 768 2669 c.
793 2647 828 2679 p.
853 2636 915 2670 175
938 2646 989 2678 sq.
1033 2634 1232 2670 Simrock
1257 2635 1279 2668 1.
1303 2646 1330 2669 c.
1354 2646 1388 2679 p.
1412 2634 1476 2669 264
1499 2646 1549 2678 sq.
1594 2634 1848 2671 Mannhardt
1876 2635 1999 2672 Gotter
2021 2635 2084 2672 der
2107 2635 2303 2672 Deutschen
2324 2647 2359 2682 p.
2382 2636 2446 2671 262
2469 2647 2520 2680 sq.

424 2688 467 2729 ⁸⁸)
512 2688 715 2721 Simrock
739 2688 840 2721 Euda
861 2699 896 2730 p.
921 2688 996 2720 258.
1041 2688 1153 2731 myth.
1176 2700 1212 2731 p.
1234 2689 1308 2722 265.

424 2741 468 2783 ⁸⁷)
513 2740 593 2776 Tac.
616 2752 696 2775 ann.
720 2740 811 2781 xm,
836 2742 888 2781 57,
912 2741 943 2781 3,

422 2796 464 2838 ⁸⁸)
508 2794 588 2828 Tac.
615 2795 695 2828 hist.
719 2795 778 2834 IV,
802 2796 854 2834 64,
882 2797 909 2829 1.

422 2849 463 2890 ³⁸)
511 2848 754 2882 Jornandes
785 2849 866 2881 hist.
890 2849 994 2884 Goth.
1018 2851 1048 2882 5.

423 2903 466 2944 ⁸⁸)
510 2901 591 2936 Tac.
613 2913 693 2936 anu.
718 2902 741 2942 l,
765 2903 819 2936 61.

422 2956 465 2998 ⁴¹)
511 2955 692 2998 Procop.
715 2955 749 2988 b.
773 2955 877 2989 Goth.
899 2956 935 2994 ll,
964 2957 1014 2989 15.
1060 2957 1312 2990 Widukind.
1334 2956 1434 2990 Corb.
1456 2966 1512 2999 ap.
1536 2956 1645 2990 Perta.
1670 2957 1759 2991 Mon.
1783 2958 1825 2997 V,
1848 2959 1928 2997 42&
1958 2969 2039 2999 ann.
2062 2958 2161 2992 Corb.
2183 2957 2225 2998 V,
2247 2958 2279 2992 8.

423 3010 466 3052 ⁴¹)
512 3010 627 3043 Amm.
650 3009 754 3044 Marc.
778 3009 880 3050 XVII,
905 3010 963 3051 123
986 3010 1107 3051 XXXI,
1129 3012 1159 3051 2,
1183 3011 1235 3045 23.
1270 3010 1425 3050 Hastam,
1447 3009 1570 3044 Martis
1590 3010 1737 3055 signum,
1761 3011 2016 3048 venerabantur
2037 3011 2177 3054 antiqui
2200 3010 2355 3047 Romani.
2387 3012 2485 3048 Varr.
2509 3024 2567 3059 ap.

456 3118 468 3160 )

511 3063 617 3097 Clem.
641 3064 740 3098 Alex.
766 3064 939 3107 Protrept.
962 3065 994 3104 4,
1018 3065 1071 3098 46.
1117 3066 1246 3099 Arnob.
1270 3065 1326 3104 Vl,
1351 3067 1401 3104 11,
1426 3076 1459 3107 p.
1486 3065 1578 3098 19ss
1603 3065 1830 3100 Ambrosch
1853 3065 2001 3099 Studien.
2022 3066 2053 3105 1,
2077 3066 2097 3098 5
2119 3075 2169 3107 sq.

425 3118 454 3136 ⁸⁸
513 3116 638 3150 Rhein.
662 3117 848 3160 Antiquar.
872 3118 946 3151 575.

424 3171 469 3213 ⁴⁴)
513 3170 620 3204 Kuhn
642 3171 680 3204 in
702 3170 838 3215 Haupts
860 3171 1024 3206 Zeitschr.
1048 3172 1084 3212 ll,
1108 3172 1181 3207 231.

422 3226 466 3269 ⁴⁸)
512 3225 648 3261 Phoen.
671 3226 695 3266 l,
717 3227 783 3261 430
805 3238 856 3269 sq-
