2845 3642
1318 145 1380 191 m

187 274 1849 329 mhbihmoesedmatssmqwnmhbrumdeunatmaGes-mma
1874 273 2509 327 sepnrefimcdereinstitaiasst,

190 339 419 394 diligentius
446 340 712 393 curiosiusque
737 339 782 380 in
794 339 916 383 ΒΜ
931 341 1100 386 ᾱῐΐοιπω
1112 341 1369 393 gustuque
1375 339 1643 392 inquisivine.
1652 352 1774 392 quam
1792 339 2009 389 Caesarem,
2029 340 2177 393 quippe
2194 339 2280 393 qui
2288 338 2510 392 sepontini

191 404 568 461 ᾷΘΒΘΗοΘοΗὶΘο,
582 404 799 457 ΘοιίΡΘΘιίΒ
806 403 983 446 libram
997 403 1239 462 suioqizede
1272 415 1343 449 eo
1354 402 2509 452 comentariishancelicnametfortuitammataiam

189 470 338 522 rapfim
372 473 417 512 et
445 471 564 516 inter
588 480 791 515 amm
810 467 1289 520 αωοβΒαιηὶιιΒΘιιιοι-ἰΒ.
1343 466 1474 510 Stulte
1509 468 1634 522 igitur
1666 468 1727 513 illi
1763 468 1861 509 mihi
1898 468 2242 521 aget-evidentur,
2269 467 2510 522 qni'l'ucito

190 535 496 589 putantium
493 533 713 588 cencedare
734 532 956 583 dubitent,
988 532 1123 586 Atque
1149 532 1257 581 haud
1281 533 1380 583 scio,
1407 546 1461 573 an
1488 532 1634 582 multa,
1662 532 1783 573 immo
1809 532 1983 585 plurima
2006 545 2160 584 eorum,
2188 533 2231 578 in
2256 534 2400 591 quibus
2426 532 2511 589 'Pa-.-

191 601 292 647 ofitus
326 615 363 642 a
383 591 567 647 Caesare
576 599 791 643 dissonare
824 599 1026 648 videatur,
1038 626 1041 628 >
1069 599 1200 640 verius
1232 599 1450 650 iustiusque
1486 611 1590 658 nova
1624 611 1757 640 rerum
1791 598 2061 648 additamenta
2095 602 2212 651 atque
2248 601 2508 650 incrementa,

190 679 310 718 quam
335 664 671 711 dismmilitudines
697 678 746 705 nc
769 664 1066 717 discrepantiae,
1094 663 1304 711 vocitanda
1328 663 1423 705 sint.

188 753 191 755 ·
381 733 669 789 Sunt-igitur,
693 734 798 788 qui,
818 748 964 788 'quum
1003 733 1147 777 Caesar
1186 733 1330 777 Solem.
1350 733 1575 776 Vulcanum
1597 732 1781 782 Lunam,
1824 731 1984 774 Tacitus
2018 732 2258 775 Mercurium
2291 734 2508 777 Herculem

188 799 360 843 Martem
384 798 604 841 Germanos
629 800 804 841 coluisse
820 799 1050 849 tradiderit,
1084 800 1198 841 illum
1232 800 1277 841 in
1307 802 1452 840 natura
1483 800 1666 848 deorum,
1703 799 1752 838 de
1781 812 1862 850 qua
1886 811 1968 839 non
1994 799 2208 850 exploratis
2235 801 2351 841 certis
2375 801 2509 852 pluri·—

188 871 344 907 marum
371 865 551 918 gentium
575 864 805 907 notionibus
830 865 1071 917 perdifficilis
1095 867 1140 906 et
1165 864 1408 917 perobscura<
1427 863 1550 905 fuerit
1584 864 1783 916 quaestio,
1828 863 2117 916 quodammodo
2151 867 2312 906 nutasse
2347 869 2504 918 putent.

188 928 291 971 Aliis
315 942 448 979 causa,-
470 942 541 971 cur
567 928 731 971 Tacitus.
753 929 848 970 deos
874 927 1162 972 Gemnnomm
1188 942 1271 970 non
1296 929 1436 971 iisdem
1460 929 1684 972 nominibus
1710 929 1855 982 quibus
1881 928 2025 974 Caesar
2050 931 2348 982 nuncupaverit,
2379 939 2429 973 'ex
2455 945 2505 972 eo

187 994 400 1046 repetenda
425 1008 513 1037 esse
537 994 738 1044 vidntur,
776 995 883 1047 quod
907 995 989 1046 ipsi
1011 994 1201 1036 Germani
1225 1007 1309 1035 non
1334 995 1518 1036 stabilem
1543 998 1768 1047 certamque
1794 995 1863 1035 sed
1890 998 2089 1035 errantem
2116 998 2159 1036 et
2184 1009 2327 1049 vagam
2351 997 2403 1038 de
2427 997 2506 1037 diis

187 1059 426 1101 sententiam
451 1059 676 1101 habuerint.
715 1059 864 1108 ,Quam
889 1073 1046 1101 musam
1073 1060 1108 1101 si
1134 1060 1226 1113 quis
1248 1060 1401 1109 afferat,
1430 1059 1582 1109 videat,
1610 1073 1661 1101 ue
1685 1073 1771 1100 rem
1797 1060 1929 1101 minus
1955 1060 2199 1111 probabilem
2226 1061 2501 1114 amplectatur.

187 1123 345 1166 Tacitus
381 1138 505 1178 quum
538 1125 775 1166 auctoritate
810 1124 1008 1175 Caesaris,
1037 1139 1170 1179 quem
1203 1125 1331 1167 solum
1368 1124 1504 1165 laudat
1538 1138 1735 1165 summum
1770 1135 1905 1165 rerum
1932 1123 2257 1165 Germanicarum
2287 1129 2502 1175 auctorem,

185 1189 288 1230 nihil
314 1193 531 1231 commotus
557 1191 636 1231 alia
660 1192 823 1232 deorum
850 1192 1013 1232 nomina
1036 1191 1285 1241 tradiderit,
1305 1190 1567 1232 dubitandum
1592 1203 1675 1231 non
1701 1193 1780 1239 est,
1821 1190 1920 1242 quin
1946 1193 2092 1234 natura
2118 1204 2257 1232 eorum
2281 1192 2503 1233 accuratius

185 1258 391 1306 perspecta
416 1255 503 1296 aliis
529 1255 754 1296 nominibus
780 1255 975 1297 utendum
999 1270 1083 1297 esse
1109 1256 1316 1298 censuerit.
1371 1254 1566 1308 Equidem
1591 1257 1735 1296 autem·
1751 1255 1915 1296 deorum
1941 1254 2124 1304 nomina,
2162 1268 2263 1308 quae
2288 1259 2330 1297 et
2356 1255 2500 1299 Caesar

186 1321 226 1364 et
252 1318 410 1360 Tacitus
437 1319 617 1361 Romana
642 1320 781 1375 lingua
806 1320 1058 1373 interpretati
1084 1323 1190 1369 sunt,
1218 1320 1329 1360 varia
1355 1332 1438 1360 esse
1463 1319 1648 1368 dixerim,
1677 1320 1841 1360 eandem
1868 1319 1951 1360 fere
1978 1322 2176 1360 naturam.

372 1402 414 1441 2.
470 1401 578 1442 Tres·
602 1401 695 1441 deos
729 1401 915 1442 habuisse
948 1401 1165 1444 Germanos
1199 1402 1298 1442 dicit
1329 1404 1371 1441 et
1407 1401 1551 1441 Caesar
1584 1404 1627 1441 et
1659 1400 1830 1442 Tacitus.
1886 1401 2032 1442 Isidem
2071 1402 2178 1442 enim
2213 1405 2254 1442 et
2285 1402 2497 1452 Nerthum,

184 1479 307 1518 quum
332 1479 415 1507 non
436 1479 578 1507 omnes
604 1465 794 1508 Gennani
820 1466 892 1507 sed'
915 1467 990 1507 soli
1015 1465 1134 1508 Suebi
1161 1463 1413 1518 coluerint,')
1450 1464 1632 1519 singulae
1662 1466 1794 1519 gentis
1831 1465 2023 1508 tutelares
2058 1465 2151 1507 deas
2183 1466 2302 1508 fuisse
2327 1470 2496 1509 onustat.

183 1529 269 1572 Nec
294 1531 474 1572 multum.
490 1544 670 1576 moveor.
705 1531 809 1585 quod
836 1536 967 1572 ¹unum
1002 1531 1173 1573 maxime
1199 1530 1423 1573 Semnones
1438 1529 1598 1572 Tacitus
1632 1530 1797 1572 tradidit
1823 1531 1990 1574 coluisse
2020 1534 2294 1585 »regnatorem
2319 1532 2497 1574 omnium

183 1596 311 1646 deum,
339 1598 470 1637 cetera
493 1596 615 1637 fuisse
640 1596 816 1637 subiecta
841 1599 962 1650 etque
987 1596 1207 1649 parentius
1222 1594 1271 1648 ⁸⁰)
1297 1595 1434 1637 Unum
1458 1609 1505 1638 ac
1530 1600 1729 1637 summum
1755 1596 1872 1638 deum
1899 1599 1947 1636 ut
1970 1595 2186 1638 Semnones
2211 1598 2268 1638 ita
2293 1598 2499 1641 universos

183 1661 401 1702 Germanos
433 1661 555 1703 initio
581 1662 739 1714 quidem
775 1662 939 1702 coluisse
970 1661 1045 1702 tibi
1076 1660 1332 1713 persuaseris,
1378 1661 1612 1713 praesertim
1636 1675 1774 1714 quum
1814 1675 1951 1702 onmes
1991 1662 2298 1715 indegermanici
2339 1664 2498 1717 generis

181 1725 361 1767 nationes
388 1739 585 1767 summum
610 1740 758 1767 numen
785 1739 866 1766 uno
893 1726 1106 1778 eodemque
1132 1725 1322 1767 vocabulo
1348 1739 1595 1778 nuncupasse
1621 1726 1831 1778 accepen's,
1860 1730 1908 1768 ut
1935 1727 2003 1778 qm·
2029 1727 2138 1779 apud
2164 1726 2360 1769 Romanoa
2386 1728 2499 1778 deus,

180 1791 286 1833 idem
312 1791 418 1844 apud
445 1790 615 1833 Graecos
634 1800 741 1845 θεός,
774 1790 881 1844 apud
907 1790 1047 1832 Persas
1074 1791 1213 1840 (levas,
1247 1789 1354 1842 apud
1380 1789 1599 1831 Germanos
1625 1789 1695 1831 zio
1719 1791 1802 1831 sive
1829 1790 1911 1843 Tyr
1942 1790 2135 1843 fueritgfl)
2189 1791 2406 1839 &annius
2428 1793 2498 1837 dd·

181 1857 283 1905 vim,
321 1870 400 1909 qua
426 1856 562 1896 multis
588 1858 630 1897 et
654 1856 774 1896 variis
799 1856 926 1896 modis
951 1860 1138 1896 naturam
1163 1856 1231 1908 agi
1258 1869 1306 1896 ac
1331 1856 1417 1908 regi
1449 1855 1656 1904 videbant,
1692 1856 1951 1907 multiplicem
1986 1857 2155 1897 maiores
2190 1858 2315 1898 nostri
2350 1858 2499 1899 consti·

179 1923 355 1970 tuerunt,
375 1921 432 1961 ita
454 1924 501 1961 ut
517 1921 646 1969 rebus,
666 1934 768 1972 quae
795 1934 820 1961 a
846 1920 921 1962 deo
945 1922 1078 1961 essent
1103 1922 1343 1972 procreatae,
1362 1920 1427 1961 dei
1454 1920 1613 1960 nomine
1639 1921 1878 1972 nuncupatis
1905 1934 1953 1960 ex
1979 1920 2143 1973 physica
2169 1922 2323 1965 ratione
2348 1935 2497 1976 magna

180 1985 321 2027 flueret
345 1985 559 2029 multitudo
585 1986 760 2026 deorum.
788 1985 849 2026 Ac
873 1986 1084 2038 pleraeque
1111 1988 1250 2038 gentes
1277 1999 1351 2037 pro
1364 1998 1458 2029 ,uno
1484 1984 1558 2025 deo
1584 1985 1758 2037 primum
1785 1987 1880 2035 tres,
1904 1985 2044 2026 deinde
2063 1986 2276 2036 duodecim,
2296 1990 2497 2039 postremo

180 2050 245 2093 vel
270 2050 460 2104 plurimos
487 2050 781 2092 constituerunt
806 2050 911 2092 deos.

371 2115 464 2156 Jam
489 2116 598 2155 inter
621 2116 816 2168 gigantes,
844 2116 989 2167 quibus
1015 2115 1203 2155 Germani
1230 2115 1512 2167 antiquissimis
1539 2116 1787 2166 temporibus
1811 2117 2027 2156 utebantur
2053 2117 2140 2164 diis,
2165 2120 2245 2156 tres
2270 2120 2387 2157 erant
2412 2118 2497 2160 fr&

178 2185 260 2222 tres
287 2183 569 2233 praepotentes
596 2180 845 2233 Bylleystr
871 2179 1298 2223 HelblindiLoki.
1326 2179 1581 2222 Naturalium
1606 2179 1732 2233 igitur
1757 2194 1891 2222 rerum
1919 2181 2106 2222 vocabula
2133 2183 2227 2223 sunt
2253 2184 2494 2233 consecrata,

178 2250 301 2300 quum
319 2244 521 2299 Bylleystr
538 2245 664 2287 latina
688 2244 1016 2298 interpretatione
1042 2245 1096 2287 sit
1122 2259 1203 2296 aer,
1223 2244 1425 2287 Helblindi
1451 2257 1567 2298 aqua,
1587 2243 1689 2286 Loki
1714 2245 1900 2350 imm&
1929 2246 1989 2287 cui
2018 2245 2162 2287 mirum
2189 2259 2273 2288 esse
2299 2246 2496 2298 videatur,

177 2311 291 2364 quod.⁴
310 2311 497 2363 antiquae
524 2312 683 2363 gentes,
712 2323 834 2361 quum
861 2312 1051 2361 quattuor
1078 2323 1163 2349 esse
1188 2312 1379 2361 putarent
1406 2310 1603 2349 elementa
1629 2311 1712 2350 sive
1897 2312 2111 2362 principia,
2141 2325 2163 2350 e
2189 2313 2333 2362 quibus
2360 2314 2500 2354 omnin

177 2378 372 2424 constent,
398 2389 492 2415 aera
516 2388 661 2426 aquam
687 2374 820 2426 ignem
847 2376 1007 2422 terrm,
1026 2387 1108 2414 non
1136 2376 1326 2426 quattuor
1352 2375 1422 2415 sed
1447 2377 1531 2416 tres
1556 2376 1804 2448 reposuerint
1831 2375 1874 2415 in
1901 2375 2013 2423 deos;
2041 2378 2228 2427 quartum
2253 2376 2498 2425 elementum

175 2442 419 2493 putaverunt
444 2439 601 2480 subesse
626 2439 754 2480 tribus
781 2438 868 2478 aliis
895 2440 936 2479 et
964 2437 1077 2490 quasi
1104 2451 1288 2491 campum
1312 2452 1397 2480 me
1425 2439 1580 2490 datum,
1617 2439 1662 2480 in
1688 2453 1805 2492 quem
1832 2452 1923 2480 suns
1949 2439 2053 2481 vires
2086 2442 2333 2490 exercerent,
2372 2440 2496 2494 atqhe

176 2518 298 2557 quum
329 2503 407 2545 nisi
443 2503 664 2554 conceperit
695 2505 802 2542 terra
832 2515 914 2541 non
948 2505 1149 2554 procreet,
1191 2516 1280 2542 eam
1319 2516 1402 2543 non
1442 2517 1580 2555 parem
1620 2504 1869 2555 eiusdemque
1901 2505 2056 2556 generis
2093 2504 2204 2545 deam
2237 2505 2368 2546 tram
2399 2506 2497 2548 aliis

174 2569 454 2618 adiunxerant,
480 2568 561 2610 sed
575 2581 739 2610 uxorem
765 2581 854 2609 esse
874 2566 1018 2608 summi
1044 2566 1108 2608 dei
1134 2566 1317 2609 arbitrati
1344 2570 1451 2610 sunt.
1467 2565 1515 2622 ¹²)

367 2633 569 2687 Bylleystr
603 2632 807 2675 Helblindi
840 2632 984 2682 Inki,
999 2632 1068 2685 qui
1100 2634 1142 2674 et
1167 2632 1267 2673 Kari
1295 2631 1418 2687 Oegir
1445 2633 1546 2687 Logi
1572 2635 1833 2683 vocabantur,
1872 2635 1990 2675 iidem
2026 2635 2107 2675 fere
2132 2637 2228 2675 sunt
2255 2634 2333 2684 dii,
2371 2636 2444 2689 qui
2469 2649 2497 2677 a

174 2697 334 2739 Graecis
360 2699 530 2753 maxime
555 2699 787 2745 colebantur
813 2707 897 2748 Ζεύς
918 2704 1094 2741 noant&
1110 2703 1328 2750 Ἥφαιστος,
1354 2711 1428 2738 nec
1454 2699 1626 2741 multum
1651 2699 1841 2740 differunt
1867 2700 1919 2739 ab
1936 2700 2124 2740 Indorum
2147 2700 2223 2740 diis
2241 2699 2354 2753 Agni
2369 2700 2497 2743 Indrn.

173 2761 303 2805 Some.
345 2763 406 2805 Ac
432 2767 589 2816 praeter
615 2763 785 2805 Graecos
811 2763 930 2804 Indos
958 2761 1175 2804 Germanos
1201 2761 1448 2814 tripartitum
1476 2771 1624 2803 numen
1651 2763 1853 2805 habebant
1880 2763 2023 2805 Persae
2049 2763 2268 2806 Phoenices
2285 2763 2491 2819 Aegyptii.

172 2827 234 2868 lh
270 2829 398 2870 tribus
433 2832 567 2871 autem
602 2843 705 2870 unus
736 2829 907 2870 maxime
943 2828 1144 2873 colebatur
1175 2829 1364 2881 regnator
1390 2828 1587 2878 omnium,
1616 2830 1664 2869 ut
1689 2829 1741 2869 ab
1768 2829 1877 2871 Indis
1904 2830 2044 2879 Indra,
2078 2830 2148 2882 qui
2175 2830 2256 2871 tria
2283 2830 2433 2884 capita,
2466 2845 2491 2871 a

434 2989 652 3025 Welterl.
673 3001 701 3025 c.
724 3001 760 3035 p.
782 2990 834 3024 22.

432 3043 461 3077 Τ
534 3044 649 3078 Germ.
671 3045 707 3088 9;
730 3045 784 3079 40.

532 3098 647 3133 Germ.
671 3099 724 3132 39.

516 3151 615 3186 rock
636 3151 771 3186 Handb.
794 3152 827 3185 d.
850 3152 1038 3186 deutschen
1059 3152 1172 3197 Myth.
1193 3151 1256 3187 Ed.
1280 3152 1310 3186 3.
1334 3162 1367 3196 p.
1392 3152 1464 3187 150.

378 2991 405 3087 :J
461 3054 511 3078 ac.

363 3098 404 3141 ¹⁰)
431 3097 509 3132 Tac.

364 3152 403 3194 ¹)
456 3162 510 3184 im

363 3205 617 3247 ¹⁸)1mrock
638 3205 751 3248 Myth.
773 3217 808 3249 p.
833 3207 904 3240 152.

429 3150 469 3184 Si

430 3205 471 3239 Si
